2144 3554
255 189 376 249 290
766 161 783 178 '
916 186 986 230 m
1049 161 1364 234 esev'nom

257 318 544 399 fzzgitastis
577 323 633 374 in
662 322 846 392 fugam
885 321 1128 380 dedistis,
1166 323 1283 390 lege
1313 323 1604 394 peruersoa
1629 340 1855 386 mores».
1874 330 2038 396 legio-

244 389 418 447 'nibus
440 394 643 446 hostes:
683 394 833 445 domi
857 395 1196 462 militiaeque
1233 421 1304 434 --
1323 391 1577 472 subceſj'a
1607 397 2042 469 bona'plerisque

261 468 412 518 sunt:
473 483 608 536 quae
645 466 784 515 bene
813 463 1203 522 subcefferunt,
1243 480 1472 517 euentus
1508 467 1632 536 pros
1668 469 1777 527 eri,
1825 483 1885 520 vt
1923 470 2069 522 Cic..

263 537 406 588 filius
431 537 498 587 ad
509 538 636 587 Div.
659 539 733 586 16.
762 556 777 583 2
795 553 811 584 1
826 573 836 585 .
861 551 1032 604 quum
1059 537 1243 585 omnia
1264 538 1426 588 velles
1449 541 1586 589 mihi
1594 487 1862 616 stcbceffm
1878 541 2040 591 ovid.

263 609 487 659 Metam.
513 627 531 657 z
556 625 694 669 .73c›.
728 602 1523 681 subcefforumque‘Minervam
1621 612 1755 661 Aliis
1784 605 2044 686 subceffis

266 675 338 730 est
376 681 560 747 partic.
605 675 792 746 paffiu.
829 675 1046 746 fugastis
1085 677 1256 727 malos
1293 679 1393 737 ita,
1442 692 1501 730 vt
1531 680 1850 732 hominibus
1886 685 2043 732 malis

263 749 618 800 [abcederent
645 732 1080 817 boni.·⁴³Nen1pe
1102 742 1380 824 subceffus
1404 750 1502 803 est.
1538 755 1634 821 qui
1673 749 1945 809 subeeffit‚
1983 767 2043 804 vt

266 817 526 895 disceffits
561 820 657 888 qui
691 815 1023 869 discessit-
1066 837 1144 879 13.
1177 829 1369 869 ventre
1403 817 1546 895 raso.
1586 836 1646 873 vt
1675 839 1839 890 caput
1865 823 2042 874 rasum

267 891 366 949 est,
409 893 499 942 cui
527 890 717 941 desunt
746 890 956 956 capilli,
998 890 1064 940 [ic
1090 901 1329 940 ventrem
1357 890 1533 945 iocose
1566 905 1727 945 vocat
1751 890 1924 970 rafiam
1951 897 2044 945 cui

268 962 408 1013 deest
432 963 587 1013 cibus
610 978 680 999 ⁴—
709 978 785 1020 14.
806 958 1070 1010 famelicis
1095 959 1276 1012 fabula
1301 963 1415 1011 non'
1436 965 1536 1012 erit
1554 964 1701 1023 risui,
1731 958 1844 1033 qui·‘⁹
1870 983 2042 1034 quum

266 1036 455 1084 cibum
492 1049 602 1084 non
640 1032 952 1089 habebunt,
993 1032 1158 1100 quem
1196 1032 1511 1092 mordeant,
1560 1034 1800 1085 fabulam
1832 1038 2039 1086 morde-

264 1106 426 1163 bunt,
477 1103 883 1172 vituperabunt.
919 1129 991 1141 --—-
1043 1121 1120 1152 20.
1147 1120 1223 1152 ιι.
1262 1104 1359 1153 vbi
1392 1105 1522 1155 ficut
1560 1106 1617 1165 iri
1655 1106 1835 1157 fabula
1869 1108 2040 1173 lepos,
2075 1165 2086 1174 .
2131 1092 2139 1099 .

267 1178 370 1226 ioci
408 1177 744 1228 etc.'decent
781 1200 848 1213 -·-·-·
903 1191 983 1223 22.
1022 1175 1116 1242 qui
1155 1174 1231 1237 ibi
1274 1179 1486 1242 quaerit
1528 1177 1644 1226 alia
1693 1180 1781 1228 his
1827 1177 2040 1228 diuersa

266 1248 330 1298 ab
365 1247 468 1297 his.
563 1245 653 1296 Sic
694 1247 844 1294 enim
894 1258 1020 1293 cum
1058 1244 1332 1296 Gulielmo
1363 1246 1670 1315 ”legendum
1721 1261 1886 1317 puto,
1939 1266 2042 1316 pro

266 1319 413 1376 alta,
449 1319 513 1381 ais
550 1342 623 1356 --
679 1333 757 1374 ²3·
793 1325 860 1364 vt
901 1312 1052 1388 otiqfi
1083 1316 1248 1365 hodie
1274 1327 1560 1386 tamquam»
1589 1319 1742 1369 otiofi
1773 1320 1936 1369 hodie
1976 1321 2042 1369 ad

264 1405 484 1459 operam
518 1388 679 1438 nobis
706 1386 940 1435 dandam
968 1411 1039 1422 --—
1081 1403 1160 1447 ²4·
1181 1390 1483 1454 exporrigi
1509 1390 1697 1439 melius
1725 1389 1799 1464 ψ
1832 1391 2040 1440 lumbos
2080 1387 2083 1390 ’

265 1463 363 1529 qui
393 1458 653 1528 negotioli
684 1456 826 1513 sunt,
869 1473 960 1505 eos
994 1455 1206 1523 [urgere
1241 1469 1295 1507 et
1320 1458 1464 1510 abire
1497 1462 1695 1511 melius
1719 1461 1805 1513 est.
1879 1463 2037 1528 Epid.

264 1529 424 1582 versu
458 1531 681 1580 vltimo:
723 1527 933 1578 lumbos
952 1521 1368 1602 surgiteabite.
1506 1531 1509 1534 ’
1980 1554 1984 1567 ›

630 1669 719 1722 IN
784 1669 1055 1723 ACTVS
1103 1673 1143 1724 I.
1236 1670 1581 1723 SCENAM
1625 1675 1667 1724 Ι.

231 1805 233 1807 ¹
372 1757 484 1804 3⁶4.
514 1740 767 1792 Vfitatius
807 1742 1034 1811 quidem
1070 1743 1293 1793 Plautus
1344 1744 1615 1812 scripfiffet
1650 1740 1922 1817 parfiffem
1960 1743 2037 1793 la—

263 1813 386 1873 bori
420 1830 558 1872 mer),
601 1825 725 1872 tuo,
781 1815 949 1863 Aulus
990 1827 1169 1864 autem
1207 1813 1412 1863 Gellius
1457 1833 1538 1876 20.
1564 1818 1612 1865 6.
1659 1815 1874 1865 testatur
1923 1832 2036 1864 non

262 1883 468 1944 solum,
508 1883 560 1932 se
594 1886 726 1944 mei,
767 1887 849 1934 tui
886 1885 1092 1953 legiss'e,
1131 1882 1220 1934 sed
1251 1884 1500 1937 defendit
1541 1889 1705 1938 etiam
1744 1887 2037 1952 lectionem

260 1955 431 2016 hanc,
484 1969 597 2007 non
639 1972 668 2004 a
710 1972 884 2013 meus,
935 1966 1062 2006 tuus
1107 1954 1205 2005 effe
1251 1971 1414 2006 voces
1459 1958 1582 2015 hae,
1630 1955 1719 2007 sed
1760 1958 2035 2026 genitiuos

262 2026 363 2077 effe
402 2027 466 2076 ab
503 2045 600 2093 ego
634 2038 687 2076 et
722 2037 799 2077 tn.
873 2026 1049 2077 Nemo
1078 2023 1352 2100 parflffem
1392 2027 1570 2078 labori
1602 2030 1787 2092 patris
1825 2030 2037 2098 vitupe-

260 2099 429 2156 rabit,
477 2111 540 2148 vt
571 2099 757 2147 minus
807 2097 972 2147 latine
1017 2097 1253 2148 dictum:
1310 2114 1478 2167 aeque
1513 2108 1655 2149 certe
1692 2100 1923 2149 latinum
1966 2098 2036 2147 est

263 2169 600 2228 labori‘mei,
654 2184 714 2217 ac
749 2185 934 2237 graece
968 2168 1263 2220 dicendum
1298 2168 1369 2216 est
1398 2169 1532 2236 πόνῳ
1573 2168 1687 2232 mo:
1779 2169 2033 2220 Ferarnus

261 2241 454 2309 igitur,
507 2253 751 2307 graecam
789 2237 1045 2289 Plautum
1081 2239 1347 2290 rationem
1382 2240 1564 2307 potius
1589 2237 1687 2289 effe
1724 2239 2032 2309 sequutum,

172 2314 177 2318 ’
261 2327 424 2380 quam
449 2309 705 2360 seriorem
728 2310 1009 2360 latinitatis
1033 2307 1205 2377 vsum.
1235 2337 1306 2348 —-
1346 2316 1393 2360 8.
1422 2309 1659 2360 tabellas
1685 2327 1822 2380 quae
1847 2312 2034 2362 literae

260 2375 399 2431 infra
429 2399 482 2430 v.
505 2398 565 2444 39
581 2379 693 2450 sqq.
731 2381 988 2449 leguntur
1018 2375 1090 2419 -'--
1123 2380 1266 2430 lauis
1301 2381 1447 2430 lanas
1486 2409 1554 2419 —-
1614 2400 1689 2431 ιι.
1721 2378 2033 2457 prohibeffit:

259 2450 576 2521 prohibeat,
624 2451 857 2520 politum
896 2468 1022 2502 cum
1065 2450 1270 2521 duplici
1313 2451 1623 2504 adcusatiuo
1656 2452 1715 2501 id
1750 2463 1806 2502 te
1835 2470 1933 2522 pro
1971 2455 2032 2503 id

260 2539 296 2573 a
336 2534 390 2573 te
433 2546 508 2561 ....
557 2540 633 2581 13.
654 2516 761 2597 sub
804 2519 1030 2573 Veneris
1077 2539 1237 2588 regno
1281 2520 1516 2591 virgines
1562 2525 1898 2591 iuuenesque
1937 2522 2031 2574 Ve-

260 2596 404 2645 neris
436 2592 533 2644 sub
576 2594 805 2662 imperio
854 2594 1184 2661 putabantur
1235 2592 1363 2650 effe,
1423 2595 1513 2649 cui
1559 2592 1698 2646 sacra
1742 2592 2028 2654 Faciebant,

259 2666 646 2732 icunculasque
688 2658 1099 2723 consecrabant„
1127 2665 1280 2714 cuius
1313 2664 1421 2713 irae
1459 2665 1795 2731 inputabant‚
1824 2667 1867 2714 'ss
1896 2666 2032 2734 quid

263 2737 565 2787 amantibus
602 2734 874 2784 adcidiss'et
913 2735 1108 2786 tristius
1141 2761 1211 2773 -—-
1265 2751 1343 2794 14.
1393 2736 1654 2785 antidhac
1696 2737 1920 2786 antehac
1958 2765 2030 2774 --

268 2825 345 2866 15.
364 2803 679 2927 {apremum
712 2807 956 2855 comitem
985 2803 1222 2878 consiliis
1255 2806 1366 2855 tuis
1414 2806 1479 2855 ad
1523 2817 1685 2874 quem
1730 2806 2028 2874 confugere

258 2877 366 2928 sole
410 2895 493 2936 as,
526 2877 623 2926 vbi
657 2892 836 2943 neque
866 2878 1074 2927 consilii
1103 2876 1284 2926 ldcum
1318 2876 1581 2940 habebas,
1628 2893 1808 2944 neque
1841 2879 2029 2928 auxilii

260 2950 475 3017 copiam
502 2971 573 2985 --
611 2965 687 3009 17.
710 2948 904 2997 iuualm
929 2959 1028 2999 aut
1047 2966 1120 3008 re,
1159 2957 1255 2996 aut
1277 2965 1462 3012 opera,
1503 2958 1601 2998 aut·
1627 2945 1843 3019 cozfilio
1869 2949 2024 3000 bon0.

261 3020 350 3070 Sic
387 3035 469 3087 ap.
503 3019 627 3067 Ter.
663 3016 860 3068 Heaut.
886 3037 928 3070 ι.
954 3037 994 3068 1.
1016 3036 1094 3083 34.
1135 3030 1229 3068 aut
1264 3018 1620 3075 consolando,
1663 3029 1755 3068 aut
1790 3020 2027 3077 consilio,

261 3104 354 3142 aut
383 3103 440 3140 re
472 3088 661 3138 iuuero
698 3113 770 3127 ι·-
822 3106 903 3138 22.
940 3089 1052 3140 alia
1096 3089 1247 3139 litera
1291 3089 1458 3138 aliam
1476 3083 1705 3163 scandit
1747 3106 1861 3140 non
1905 3090 2027 3140 sunt

257 3163 440 3211 literae
465 3171 608 3210 recta
634 3160 775 3209 linea
816 3160 1042 3228 pofitae3
1075 3160 1176 3209 alia
1213 3159 1370 3210 aliam
1408 3162 1541 3228 init,
1582 3173 1644 3209 vt
1679 3160 1845 3229 gallus
1879 3162 2026 3230 galus

256 3236 400 3289 narn,
438 3245 601 3300 quare
631 3230 806 3279 literas
845 3246 897 3281 v,
925 3250 1004 3281 21.
1041 3227 1175 3281 dicit
1210 3229 1410 3282 liberos
1443 3245 1699 3298 quaerere
1726 3257 1797 3270 —-—
1839 3249 1918 3293 23.
1946 3230 2023 3279 Si·

252 3305 398 3370 bylla
451 3302 697 3355 diuinare
748 3310 890 3355 certe
945 3301 1141 3373 pollet,
1204 3316 1338 3371 quae
1381 3302 1490 3371 legi
1544 3311 1832 3371 nequeant.
1931 3301 2022 3352 Sic
