2144 3554
552 199 558 213 ι
621 174 826 224 Ac‘rvs
865 156 967 217 lv.
1031 170 1290 216 semum
1331 154 1487 218 1.-11.
1813 157 1935 226 267

149 330 276 369 ‘cere
316 312 463 365 vult=
520 310 694 388 Quum
732 309 868 358 haec
916 306 1108 357 ancilla
1142 305 1370 374 loquuta
1405 321 1531 356 cum
1575 322 1771 374 magna
1815 323 1938 357 mea

157 382 319 435 laude
340 384 415 442 fit,
441 380 750 438 adlubescit,
769 378 919 429 illam
940 387 1118 428 autem
1139 377 1322 428 heram
1342 378 1476 435 eius,
1493 389 1547 426 et
1572 378 1718 446 quod
1742 380 1939 427 ancilla

161 456 314 514 dixit,
351 447 405 504 ot
440 452 590 523 qu‘od
618 465 695 511 tu,
715 444 932 526 subigit
961 468 1040 498 me
1063 458 1127 498 vt
1152 466 1320 498 amem
1344 477 1415 487 —
1453 451 1527 498 16.
1557 466 1629 498 17.
1657 446 1937 499 Palaestrio

159 517 354 578 herum
374 524 446 575 ab
478 539 656 574 amore
681 521 904 573 ancillae
932 521 1004 570 ita
1038 531 1179 569 certe
1203 532 1527 571 auocaturus
1555 516 1643 576 est,
1684 532 1758 579 vt,
1801 535 1939 587 (puae

163 598 230 646 de
260 594 497 647 fallendo
524 594 697 647 milite
722 592 1177 661 excogitauerant,
1211 606 1321 642 non
1343 589 1710 659 inpediamur.
1784 591 1940 640 Men·

161 668 302 719 tiens
333 666 529 735 igitur,
575 662 626 716 se
653 681 876 716 onrem
914 676 1032 711 eam
1071 660 1390 718 ducturum,
1431 661 1578 731 spem
1615 661 1742 712 hero
1772 661 1941 712 osten-

161 737 270 796 dit,
318 737 529 806 puellae
578 738 696 787 eius
741 736 848 785 fine
882 734 1105 801 negotio
1150 745 1205 784 et
1245 732 1422 784 sumtu
1460 732 1774 800 potiundae.
1858 733 1940 783 Eo

161 801 273 865 vn'o
326 808 547 869 confilio
599 805 840 857 Casinam
892 805 1097 855 Stalino
1150 803 1381 856 daturus
1432 814 1546 854 erat
1603 805 1819 860 villico.
1882 815 1944 855 vt

161 895 385 930 vxorem
425 894 542 928 eam
585 889 798 948 caperet
835 874 1124 927 vsurariam
1159 905 1229 916 —-
1279 893 1359 925 20.
1396 872 1681 926 Palaestrio
1715 874 1943 946 quidem

160 948 588 1020 Milphidippam
622 949 792 1000 statim
822 947 1147 1004 aduenerat,
1189 965 1234 1009 3.
1257 963 1301 1007 3.
1325 963 1404 1007 ²5-
1440 946 1627 1002 visam,
1654 948 1789 997 haec
1809 962 1943 998 vero

164 1018 437 1072 nonsatis
467 1034 607 1071 certa
645 1019 796 1071 fniffe
834 1018 1064 1076 videtur,
1099 1034 1183 1075 an,
1220 1034 1383 1088 quem
1412 1017 1639 1074 videret,
1675 1016 1786 1085 ipse
1822 1016 1949 1068 effet

165 1092 510 1144 confiliomm
546 1089 721 1142 [ocius
755 1119 827 1130 —
869 1108 948 1140 ιο.
975 1108 1053 1141 2ι.
1092 1102 1144 1139 et
1173 1091 1372 1139 iterum
1403 1107 1483 1138 21.
1516 1088 1794 1139 Palaestrio
1825 1088 1948 1141 [atio

167 1163 375 1231 api-rte,
419 1164 516 1232 qui
562 1161 650 1221 fit,
705 1161 910 1211 indicat
944 1189 1015 1199 -—
1068 1178 1148 1219 23·
1189 1162 1346 1209 immo
1382 1158 1564 1209 adhuc
1596 1162 1767 1218 celas,
1808 1161 1950 1212 mihi

167 1231 368 1287 diffidis
396 1229 602 1306 etiamst
623 1251 730 1283 non
756 1232 902 1283 celas
928 1229 1028 1281 effe
1051 1230 1275 1300 aliquid,
1305 1229 1455 1300 quod
1478 1232 1616 1279 celes
1637 1261 1710 1271 --
1739 1249 1817 1293 ²4·
1845 1249 1951 1300 quo

171 1306 681 1374 argumentoquale
720 1303 776 1353 id
809 1302 909 1361 est,
953 1301 1101 1371 quod
1140 1318 1229 1352 me
1263 1304 1437 1352 celare
1462 1301 1601 1351 dicis
1636 1331 1706 1340 —
1747 1301 1951 1374 infidos

166 1376 315 1434 celas
347 1390 435 1426 me
467 1388 625 1445 putas
653 1374 891 1426 alienum
930 1390 955 1422 a
986 1373 1205 1424 consilio
1248 1386 1341 1423 tuo
1355 1368 1465 1447 sed
1484 1368 1611 1448 sum
1653 1373 1754 1423 tihi
1777 1372 1954 1448 firma

155 1445 410 1524 fide'ille
451 1445 592 1515 ipse,
667 1462 795 1496 nem
831 1444 1039 1496 socium
1070 1447 1303 1512 requiris
1337 1474 1409 1484 —
1449 1463 1528 1506 ²5·
1563 1458 1721 1506 cauta
1756 1446 1953 1495 mulier

172 1512 587 1587 poscitsfignum
653 1535 671 1568 ι
712 1519 923 1567 harunc
953 1517 1294 1566 Baccharum
1334 1534 1391 1566 os
1424 1516 1458 1564 fi
1499 1515 1693 1566 iisdem
1734 1531 1955 1567 mecum

170 1587 329 1640 sacris
380 1589 624 1639 initiatus
674 1604 758 1643 es,
811 1588 844 1637 fi
885 1603 1010 1636 vere
1053 1586 1227 1637 socius
1272 1602 1329 1637 es
1378 1587 1518 1637 mihi
1560 1587 1716 1640 datus
1754 1616 1826 1627 —
1861 1587 1955 1639 dat

172 1661 409 1731 lignum:
459 1670 604 1712 amat
639 1659 829 1709 mulier
864 1659 1132 1726 quaedam
1170 1659 1449 1727 quemdam
1485 1686 1554 1696 --
1606 1662 1684 1709 26.
1730 1675 1799 1709 ne
1850 1659 1959 1710 hoc

134 1756 138 1762 ·
173 1730 395 1802 quidem
422 1732 644 1788 mulieri
667 1728 789 1781 satis
814 1728 884 1779 est
908 1729 1007 1795 pol
1035 1727 1169 1802 {stuc
1194 1731 1406 1798 quidem
1431 1730 1632 1779 multae
1657 1727 1865 1782 faciunt
1884 1755 1956 1770 -·

177 1821 258 1863 ²7·
289 1815 349 1853 vt
376 1818 502 1853 vero
540 1802 649 1853 Pal.
678 1803 811 1852 doni
850 1801 917 1850 de
947 1801 1122 1865 digito
1158 1802 1346 1850 annuli
1377 1805 1719 1852 mentionem
1748 1804 1957 1859 iniecit,

173 1870 297 1924 satis
336 1874 388 1923 ei
426 1872 496 1923 est
531 1875 671 1924 enim
692 1874 919 1938 cognoui
955 1891 1096 1922 nunc
1126 1883 1176 1920 te
1210 1872 1413 1922 socium
1449 1872 1548 1923 effe
1589 1889 1790 1931 meum,
1826 1889 1959 1943 quo·

177 1954 302 1996 cum
339 1957 522 2015 aperte
555 1944 708 2014 loqui
747 1943 932 1994 liceat:
969 1944 1074 1992 hoc
1118 1944 1212 1992 fibi
1247 1943 1436 2009 palam
1463 1937 1681 2014 factum
1718 1946 1854 1996 dicit
1890 1963 1959 1995 ex

173 2012 426 2083 proclino
464 2014 611 2065 facili
639 2016 861 2083 negotio
881 2050 894 2070 ,
931 2012 1019 2064 seu
1039 2051 1052 2072 ,
1089 2016 1160 2064 ita
1190 2027 1247 2064 vt
1275 2015 1414 2064 nihil
1451 2007 1609 2065 'dubii
1636 2014 1856 2085 superfit
1888 2043 1961 2054 —

177 2081 381 2163 ²8zs⁶d
404 2088 492 2139 hic
508 2087 955 2156 Pyrgopolinices
981 2105 1104 2135 num
1129 2087 1249 2153 quis
1278 2082 1473 2160 adest?
1546 2086 1713 2137 Scena
1750 2085 1958 2155 semper

177 2171 287 2209 erat
311 2159 483 2217 vicus,
514 2159 607 2208 vbi
637 2159 815 2228 plures
839 2157 1091 2207 homines
1119 2158 1444 2207 iubebantur
1471 2173 1792 2216 commeare,
1830 2176 1964 2227 quo·

179 2246 303 2280 rum
335 2230 513 2282 nullae
527 2242 797 2299 praeterea
832 2230 888 2278 in
916 2226 1096 2279 fabula
1131 2242 1285 2279 erant
1318 2239 1523 2298 partes,
1561 2246 1724 2299 qnare
1759 2233 1964 2280 incerta

179 2301 397 2371 quaerit
430 2327 502 2351 -v
550 2300 640 2352 vel
668 2297 822 2372 adast
871 2300 964 2349 hic
999 2302 1056 2348 iu
1093 2302 1219 2350 vico
1249 2300 1340 2350 vel
1365 2318 1474 2350 non
1513 2311 1620 2351 tam
1689 2317 1849 2368 rope,
1884 2315 1962 2360 vt,

181 2367 320 2442 quae
355 2373 658 2442 loquimur,
701 2370 885 2422 audiat
916 2399 984 2412 —-·
1022 2372 1150 2420 cedo
1190 2382 1245 2421 te
1286 2372 1419 2421 mihi
1435 2366 1595 2447 solae
1620 2377 1639 2435 (
1668 2373 1763 2438 oli)
1782 2367 1964 2449 solum

180 2443 416 2513 loquaris
442 2444 659 2494 mecum
685 2443 790 2492 fine
815 2443 1026 2493 arbitris
1053 2472 1125 2482 -
1166 2459 1245 2502 30.
1278 2442 1452 2512 passus
1484 2445 1640 2492 miles
1669 2457 1798 2498 erat.
1837 2462 1966 2512 pau·

183 2518 304 2567 cula
328 2513 544 2567 seruum
563 2531 687 2565 cum
723 2514 900 2583 puella
939 2514 1089 2580 loqui
1125 2513 1314 2572 solum,
1350 2532 1514 2582 quam
1552 2516 1646 2564 fibi
1686 2513 1968 2583 desponsa·

182 2584 492 2639 tasmfflfuerat
515 2587 798 2637 mentitus.
890 2586 1218 2655 Longiorem
1247 2596 1432 2637 tamen
1473 2585 1972 2638 confabulationem

188 2650 307 2709 eam
342 2655 498 2708 fuiffe
535 2658 876 2727 indignatur:
900 2673 1007 2705 τηε
1051 2655 1247 2706 adstare
1276 2655 1459 2707 frustra
1502 2677 1617 2710 cum
1652 2660 1755 2708 hoc
1813 2678 1969 2710 orma

173 2723 464 2803 factisque
517 2730 612 2796 qui
664 2741 771 2778 tam
809 2728 995 2797 pulcer
1039 2727 1183 2786 sum,
1234 2741 1313 2778 et·
1340 2741 1513 2781 tantas
1561 2746 1643 2779 res
1685 2746 1749 2798 ge
1793 2728 1851 2782 i?
1901 2758 1971 2771 --

195 2817 277 2860 3²·
311 2801 414 2851 has
453 2818 669 2851 merces.
709 2798 822 2850 vid.
857 2799 1106 2859 Cas.3.6.
1143 2817 1221 2849 22.
1271 2828 1342 2840 --
1389 2817 1472 2860 33.
1514 2801 1627 2852 Pal.
1675 2799 1857 2850 fecum
1894 2818 1973 2852 re-

195 2868 371 2927 diens¹
397 2869 463 2919 ad
514 2871 710 2939 Miiph.
759 2869 962 2920 mellum
994 2864 1203 2945 saxum
1223 2869 1491 2942 stolidius
1538 2874 1642 2923 hoc
1680 2874 1858 2923 milite
1901 2902 1974 2911 --

198 2945 282 3000 38'.
313 2942 631 3008 contempla
658 2943 1025 3011 contemplare
1063 2970 1128 2978 -v
1167 2941 1235 2990 cle
1267 2944 1396 2991 meis
1425 2954 1664 2993 venator
1686 2946 1870 2994 verbis
1905 2945 1974 2994 ad

195 3024 274 3070 ea,
299 3028 434 3080 quae
460 3029 560 3082 ego
581 3014 788 3069 dixero,
811 3025 889 3070 tu.
914 3028 1051 3082 quae
1077 3011 1223 3061 dicas
1247 3010 1500 3070 faciasne,
1525 3016 1880 3066 adcommoda
1904 3044 1975 3054 --

196 3097 283 3149 42,
321 3084 397 3132 tis
418 3086 500 3134 tui
527 3112 599 3125 -—
638 3087 721 3146 46.
742 3100 828 3144 47.
866 3101 978 3135 non
1009 3084 1105 3132 nifi
1138 3083 1347 3151 paraliti
1377 3085 1703 3136 inrisoresue
1728 3088 1978 3155 pulcrum

195 3152 464 3204 vocabant
490 3156 742 3205 militem.
847 3155 1054 3205 Romae
1093 3165 1274 3203 autem
1313 3154 1507 3206 Pulcer
1547 3171 1979 3226 cognomentum

199 3236 322 3274 erat*
346 3223 515 3292 stirpis
548 3226 778 3276 alicuius
812 3226 988 3294 gentis
1024 3224 1284 3278 Claudiae
1313 3254 1385 3266 --
1427 3245 1506 3289 52.
1545 3231 1726 3296 ecquis
1762 3230 1981 3293 dignior

193 3286 343 3372 fuit.
379 3296 537 3348 homo
572 3299 666 3367 qui
692 3292 858 3372 effi-t?
912 3296 1054 3349 Sunt
1094 3297 1349 3348 homines
1387 3314 1502 3351 non
1534 3300 1726 3370 pauci,
1770 3298 1985 3369 dignm·-
