2144 3554
251 175 367 247 364
906 185 975 231 m
1033 148 1385 232 avorum&
1454 149 1455 153 Ἰ

247 326 356 377 lum
407 323 477 375 est
505 320 827 400 subnigram
861 327 946 393 '1—
999 341 1077 374 10.
1125 326 1374 391 papillae
1414 340 1683 389 mammae
1725 332 2020 383 cuiusmodi

249 413 407 465 quas,
451 398 578 446 licet
607 395 745 445 veste
784 407 950 445 tectas
971 429 985 450 ‚
1038 393 1256 463 adparet
1287 398 1471 447 tamen
1504 396 1696 452 solidas
1725 400 1825 451 effe
1855 405 2018 469 turgi-

248 467 449 536 dasque
498 495 568 506 ——
616 467 672 516 ίη
698 460 867 539 sauio
910 467 968 515 iu
1021 464 1181 517 labris
1227 477 1281 517 et
1313 484 1421 518 ore.
1482 467 1601 518 Mil.
1627 488 1670 522 2.
1697 475 1737 521 ι’.
1761 473 1840 523 16.
1877 470 2020 521 sauia

245 536 371 588 sunt
411 527 553 587 sabra
590 566 660 574 ———
703 553 780 589 11.
819 535 975 587 Cure.
1005 552 1046 585 1.
1070 554 1114 595 3.
1134 555 1214 598 37.
1252 539 1525 602 polluctus
1553 543 1732 607 virgis
1757 541 1828 591 est
1853 543 2019 611 virgis

243 607 444 662 caesus·
519 610 640 658 Hoc
672 607 822 657 loco:
862 626 970 665 non
1005 625 1100 672 ego
1127 601 1253 681 sum
1290 610 1536 673 pollucta
1564 630 1717 678 pago
1744 613 1842 661 effe
1871 614 2022 663 vide-

243 689 362 730 tur:
422 696 535 729 non
590 677 706 727 sum
747 677 986 728 scortum
1035 680 1162 749 pagi
1205 680 1516 749 publicum,
1568 680 1689 734 seu:
1741 699 1856 735 non
1897 683 2020 734 sum

240 751 456 817 publica
498 749 741 808 libidinis
781 750 1031 805 victima,
1081 765 1197 798 non
1244 765 1359 819 ego*
1387 751 1648 818 prostitue
1686 771 1776 804 me
1818 756 2021 824 cuique*

239 821 466 871 homine
514 819 704 870 rustico
745 847 816 859 ·—-
850 822 1010 884 potin
1047 830 1115 871 vt
1155 839 1236 870 me
1267 822 1546 874 abstineas
1578 843 1792 875 manum
1824 841 1893 875 ne
1933 829 2017 875 ni-

239 894 415 941 mium
452 892 789 942 familiariter
819 891 1081 941 adtrectes
1118 908 1223 942 me.
1297 892 1577 962 SicAPoen.
1602 912 1642 945 1.
1666 914 1710 945 2.
1735 914 1847 957 137.
1884 914 2019 965 pura

236 964 375 1018 sum,
416 968 697 1031 comperce
730 977 821 1009 me
862 963 1192 1020 adtrectare„
1246 963 1421 1031 Lipfio
1461 980 1591 1016 vero
1633 967 1852 1034 placuit,
1900 985 2020 1018 mu-

236 1037 369 1084 tari:
426 1050 541 1084 non
580 1050 678 1101 ego
719 1031 839 1085 sum
878 1034 1115 1100 polluta,
1163 1050 1359 1100 apage,
1402 1037 1564 1101 potin
1599 1049 1702 1088 etc.
1774 1037 2016 1102 Bryardo

234 1117 445 1155 autem:
503 1119 619 1155 non
659 1103 1034 1169 sum.polluta
1069 1122 1218 1170 pago
1266 1134 1338 1145 —-
1387 1123 1462 1156 12.
1500 1109 1649 1158 Sicce
1688 1107 1906 1181 profic,
1954 1120 2018 1162 vt

232 1177 381 1226 hicce
417 1193 515 1245 pro
548 1177 652 1225 hic.
726 1177 913 1225 Lamb.
948 1187 1131 1225 tamen
1146 1173 1295 1250 ficce
1315 1173 1615 1247 explicabat
1623 1173 1829 1253 sobrie,
1864 1181 2016 1231 nullo

236 1257 419 1299 autem
467 1250 825 1313 interpretum
870 1247 1134 1314 probante
1179 1275 1251 1285 --
1318 1255 1415 1310 14(
1435 1250 1560 1299 aias
1600 1250 1881 1309 concedas,
1930 1251 2018 1322 pd-

232 1335 368 1369 nuas
412 1348 477 1355 -
538 1335 613 1378 ις.
652 1328 883 1368 ornatus
925 1318 1074 1385 quod
1107 1333 1234 1366 cum
1268 1315 1410 1368 sacra
1446 1336 1580 1369 vrna
1620 1323 1839 1370 veneria
1881 1321 2013 1385 (vid.

231 1388 373 1439 scen.
403 1389 531 1457 seq.)
571 1389 717 1445 veni,
757 1405 845 1436 me
880 1405 1073 1456 aquam
1108 1401 1289 1456 petere
1320 1391 1578 1459 intelligis
1623 1421 1694 1431 ——
1753 1394 1828 1451 ¹6,-
1870 1412 2017 1444 meus

234 1479 444 1529 quoqne
470 1462 558 1509 hic
583 1469 809 1507 ornatus
849 1471 948 1507 ete.
993 1457 1196 1514 seruus,
1241 1457 1373 1525 quid
1407 1461 1589 1518 vellet,
1627 1462 1793 1514 modo
1834 1465 1902 1512 ali
1942 1472 2036 1515 uo>

231 1525 783 1606 parum‘verecundol
807 1529 1037 1579 videtur
1080 1528 1333 1578 indicasse
1366 1536 1439 1570 -έ
1497 1537 1574 1581 18.
1614 1531 1860 1605 basilicus
1888 1483 2015 1610 jum

229 1604 378 1671 regio
422 1617 575 1651 more
627 1598 943 1668 subpliciter
986 1600 1284 1650 exorandus
1330 1599 1468 1658 sum,
1525 1613 1604 1661 vt,
1666 1605 1814 1677 quod
1857 1607 2014 1678 petis,

228 1667 423 1748 largiar
465 1702 534 1710 --
583 1688 662 1724 21.
698 1689 894 1738 aquam
928 1673 1189 1738 grauaris
1222 1672 1587 1726 commodare.

402 1803 415 1806 >⁴
574 1781 662 1830 IN
724 1780 998 1833 ACTVS
1046 1782 1124 1833 11.
1202 1779 1554 1832 SCENAM
1601 1782 1661 1834 V.

328 1870 378 1914 4.
402 1847 723 1927 praefiscine
744 1851 856 1903 vid.
875 1851 1013 1901 Arm.
1036 1870 1080 1901 2.
1101 1869 1151 1912 4.
1171 1857 1253 1914 84.
1290 1852 1406 1904 Cas.
1429 1871 1472 1915 ς.
1497 1872 1540 1904 2.
1566 1871 1642 1915 5¹·
1671 1854 1777 1904 h.1.
1807 1853 2010 1906 forsan:

226 1926 375 1996 quod
403 1926 542 1977 bene
571 1922 770 1973 vertat!
808 1952 878 1960 -—
920 1939 995 1982 η.
1027 1923 1245 1973 tandem
1270 1943 1403 1975 vero
1417 1919 1572 1999 serio
1602 1925 1777 1974 define
1813 1927 2009 1987 iocari3

226 1996 384 2065 prodi
412 2013 473 2044 ex
498 1995 714 2064 angulo,
748 1994 843 2043 vbi
866 1994 1015 2049 lates,
1052 1992 1174 2044 seu-2
1214 1995 1430 2047 latentis
1457 1996 1699 2064 proditor
1723 1995 1814 2047 fiat
1833 2011 2011 2066 gratus

223 2067 359 2119 :risus
404 2068 469 2116 ab
509 2066 735 2134 angulo,
790 2075 850 2113 vt
887 2065 1017 2114 Hor.
1046 2083 1086 2115 1.
1132 2080 1291 2116 carm.
1323 2082 1371 2129 9.
1418 2084 1580 2118 v..21.
1630 2096 1701 2104 —
1759 2085 1838 2118 21.
1877 2070 2011 2119 haec

221 2155 362 2188 vrna
394 2138 624 2190 literam
657 2134 730 2211 est
757 2135 928 2189 literis
964 2135 1236 2203 inscripta,
1279 2135 1373 2187 seu
1408 2138 1627 2189 Veneris
1657 2138 1894 2206 imagine
1928 2142 2010 2189 in·

222 2211 429 2278 fignita,
462 2208 608 2262 vnde
643 2223 763 2257 eam
791 2205 949 2258 sacris
980 2206 1309 2275 fignificetur
1342 2210 1523 2261 vfibus
1555 2209 1832 2260 inseruire.
1917 2211 2028 2261 Sic-

221 2279 365 2331 infra
411 2275 458 2341 4.
485 2297 535 2343 4.
571 2297 660 2329 112
681 2277 755 2347 sq.
795 2277 1059 2329 ensiculus
1104 2280 1374 2337 literatus,
1433 2279 1728 2331 securicula
1776 2282 2005 2333 literata.

221 2352 330 2401 Sed
368 2350 720 2410 Cas.z.6.49.
767 2350 934 2400 horno
983 2351 1225 2401 literatus
1270 2350 1344 2399 est
1389 2350 1678 2420 stigmatias
1727 2380 1799 2389 —-
1840 2354 1908 2402 ab
1938 2347 2008 2428 se

219 2433 416 2475 cantat
440 2420 717 2489 inscriptio
741 2421 994 2486 loquitur.
1031 2420 1258 2472 Colviue
1283 2424 1519 2472 malebat
1541 2417 1700 2498 eapse
1722 2438 1781 2472 ea
1803 2424 1914 2493 ipsa
1934 2453 2006 2464 -

220 2510 303 2557 24.
345 2497 477 2545 heus
486 2491 575 2566 fis·
610 2490 678 2541 ad
695 2483 944 2561 feranda
974 2490 1050 2564 ψ
1078 2493 1272 2553 clamat
1296 2491 1558 2546 sacerdoti
1591 2522 1663 2534 —-
1706 2496 1784 2546 26.
1820 2514 1852 2548 a
1885 2513 2002 2562 rep·-

185 2567 338 2633 ‚peri
367 2565 502 2618 dicit
537 2562 649 2620 fibi,
691 2561 823 2613 dum
858 2561 1050 2616 fanum
1086 2565 1339 2635 aperitur.

412 2690 419 2696 ἡ
523 2665 615 2729 ¹IN
680 2666 955 2717 ACTVS
1015 2667 1093 2718 ΙΙ.
1185 2660 1539 2719 SCENAM
1593 2669 1690 2719 VI.

328 2729 520 2811 zosese
547 2747 710 2804 atque
736 2747 970 2790 aetatem
996 2739 1186 2796 vitam,
1223 2732 1548 2860 opes‘Jztam.
1622 2738 1776 2789 Idem
1802 2736 1998 2788 dicunt

214 2804 372 2855 Most.
398 2825 440 2855 2.
473 2820 564 2857 τρι
595 2808 662 2857 ad
689 2826 734 2869 7.
779 2809 912 2860 Hor.
936 2826 979 2861 1.
1022 2799 1126 2860 Od.
1149 2827 1192 2869 3.
1229 2826 1283 2859 V.
1305 2825 1333 2871 9
1381 2826 1467 2878 qq.
1510 2806 1674 2860 Ovid.
1739 2808 1809 2857 Et
1829 2824 2000 2875 prope

215 2887 327 2927 tam
354 2877 540 2935 letum,
583 2895 747 2949 quern
777 2895 944 2949 prope
969 2880 1141 2930 cernit
1168 2895 1359 2947 aquam
1385 2882 1588 2931 nauita.
1641 2878 1799 2946 Apud
1826 2879 1998 2928 Laert.

211 2947 390 2999 πιστόν
416 2947 496 3014 νῆ’,
530 2947 741 3001 ἄπιστον
766 2949 1008 3003 θάλασσαι
1036 2979 1105 2988 --
1138 2966 1186 3012 4.
1226 2951 1301 2998 ad
1324 2952 1426 3000 hoc
1452 2951 1753 3015 exemplum
1780 2966 1998 3008 meum3

213 3017 272 3066 i'd
313 3017 463 3086 quod
496 3019 635 3069 mihi
673 3021 891 3078 adcidit‚
930 3023 1025 3091 qui
1061 3020 1483 3072 fortunaswmeas
1519 3023 1666 3083 amisi
1708 3036 1898 3070 omnes
1929 3049 2001 3059 --

213 3106 260 3148 ς.
282 3091 327 3140 6.
352 3090 629 3147 Libertas,
668 3109 804 3158 quae
833 3105 933 3142 etc.
962 3092 1028 3142 ad
1055 3092 1298 3143 fabulam
1321 3093 1573 3143 adludere
1598 3091 1833 3147 videtur,
1861 3107 2000 3159 quae

207 3157 422 3227 prorsus
463 3162 758 3229 ignoratur.
843 3161 1109 3214 Meurfius
1150 3175 1361 3222 autem,
1410 3164 1508 3233 qui
1549 3165 1608 3213 in
1650 3163 1770 3212 cod.
1814 3164 1997 3231 aliquo

206 3231 364 3298 legit:
426 3231 485 3280 in
521 3247 718 3283 nauem
761 3252 958 3283 mecum
993 3234 1172 3284 hercle
1207 3251 1312 3297 vna
1356 3237 1636 3301 inponere,
1673 3233 1997 3302 naufragum

206 3297 374 3353 iocari
409 3313 595 3372 putat,
648 3301 702 3357 se
736 3306 920 3355 omnia
958 3305 1270 3372 perdidisse,
1324 3319 1530 3374 praeter
1576 3308 1881 3356 libertatem
1920 3331 1997 3345 .--
