2144 3554
277 203 394 259 226
428 214 431 219 “
854 214 924 258 m
975 213 1472 266 MosrzLLARmz

277 353 370 402 sub
409 350 524 402 esca
558 351 728 401 latens
759 377 830 387 -—
882 365 960 412 ²4·
1012 350 1227 400 doctior
1278 348 1528 410 astutior,
1578 351 1865 424 δεινότερος.
1906 358 2049 409 ridet

275 425 471 473 herum
504 450 574 460 -—-
613 440 690 481 ²5·
729 419 890 469 verba
931 420 1053 475 dare
1078 421 1162 470 illi
1192 439 1344 472 nemo
1370 421 1551 497 potes}
1579 425 1863 494 intelligit}
1904 431 2047 497 quis-

278 513 384 564 que
429 491 598 563 potest
631 522 701 530 —
739 498 815 549 38.
856 492 978 540 dixi
1013 509 1110 556 ego
1151 490 1286 562 {stuc
1324 495 1463 543 idem
1495 495 1596 555 illi.
1668 497 1917 548 Lambin.
1962 503 2047 550 ex-

274 568 465 636 plieat:
498 580 586 613 me
617 565 700 612 ius
736 562 1026 611 iurandum
1061 562 1112 609 ei
1139 564 1418 621 daturum,
1459 563 1634 615 filium
1666 567 1823 617 aedes
1851 570 2047 627 emisse,

276 649 331 687 et
357 646 635 704 argentum
663 633 887 691 dediffe3
926 634 1032 682 hoc
1062 650 1186 684 vero
1213 634 1296 684 ius
1330 636 1647 696 iurandum,
1686 639 1779 706 qui
1808 639 2049 690 Theuro-

274 709 430 777 pides
464 706 709 775 polliceri
741 706 1009 771 potuerit,
1059 721 1171 754 non
1206 706 1471 774 intelligo.
1565 708 1836 759 Acidalius
1877 722 2047 779 putat,

276 778 446 829 deeffe
492 793 666 825 vnum
713 776 1012 824 alterumue
1052 774 1294 834 versum,
1347 795 1456 846 quo
1502 778 1704 830 Tranio
1759 781 2047 832 interfatus

275 848 480 918 aliquid
507 848 594 903 fit,
628 848 717 895 cui
745 843 903 895 senex
937 846 1029 893 hic
1067 844 1401 914 respondeat.
1485 848 1643 916 Quod
1683 851 1717 900 fi
1765 851 1919 911 esset,
1967 855 2049 901 in.

274 918 531 970 terfatum
565 928 836 985 oporteret
873 917 1086 966 seruum
1123 917 1251 966 effe:
1290 918 1453 987 quid,
1493 919 1527 966 fi
1558 921 1894 973 Philolaches
1932 940 2048 973 non

272 992 367 1061 ipfi
391 989 608 1058 quidem
626 1024 640 1044 ,
683 987 771 1037 sed
800 988 1012 1037 atriensiv
1033 999 1212 1038 tamen
1240 991 1354 1038 eius
1380 1003 1663 1057 argentum
1692 992 1878 1043 dedit?
1914 995 2048 1045 haec

271 1079 402 1112 vero
437 1074 530 1110 aut
554 1061 656 1109 alia
688 1059 960 1108 eiusmodi
984 1060 1144 1108 verba
1177 1060 1209 1107 fi
1238 1060 1488 1118 deeffent,
1526 1059 1774 1129 spatium,
1813 1077 1871 1113 vt
1899 1063 2048 1122 solet,

272 1135 333 1183 in
370 1131 528 1183 codd.
572 1131 848 1198 adpareret
886 1146 1136 1180 vacuum.
1208 1130 1480 1198 Equidem
1515 1132 1761 1202 intelligo
1791 1151 1885 1201 per
1916 1134 2050 1208 istuc

271 1198 477 1280 ipsum:
511 1220 598 1252 me
625 1200 692 1250 ad
717 1202 800 1250 ius
831 1200 1123 1249 iurandum
1156 1216 1283 1251 eum
1307 1202 1405 1251 effe
1434 1201 1763 1254 adacturum.
1834 1206 2050 1256 Deinde

269 1276 561 1324 Tranionis
599 1273 732 1341 quid
770 1273 848 1320 ait
874 1289 985 1321 uon
1013 1274 1390 1339 interrogantis
1415 1272 1515 1322 effe
1548 1289 1681 1343 puto
1700 1312 1713 1332 ,
1764 1274 1854 1325 sed
1879 1278 2046 1326 admi-

269 1348 534 1395 rationem
568 1344 866 1392 fimilantis.
954 1343 1328 1411 Theuropides
1372 1343 1572 1395 dehinc
1611 1363 1822 1397 narrare
1855 1350 2047 1416 pergit,

270 1433 407 1487 quae
440 1417 590 1465 Simo
634 1429 793 1482 porro
830 1413 1106 1481 pollicitus
1144 1415 1229 1463 fit:
1274 1408 1471 1489 seruos
1509 1429 1611 1468 etc.
1647 1446 1719 1455 —
1770 1435 1851 1477 39.
1889 1438 2044 1486 quae-

251 1488 435 1563 Jc'ioni
460 1498 521 1534 vt
548 1488 742 1535 veritas
766 1486 1053 1534 tormentis
1081 1485 1389 1554 exquiratur
1421 1514 1492 1527 -—-
1536 1506 1566 1548 4
1577 1506 1618 1548 3.
1657 1489 1749 1537 vel
1782 1490 2045 1539 hominem

269 1560 389 1609 iube
429 1559 591 1606 aedes
623 1556 894 1620 mancipio
925 1549 1147 1628 poscere
1181 1556 1310 1605 iube
1351 1554 1526 1606 fllium
1556 1571 1713 1609 tuum
1747 1572 1929 1627 petere
1967 1561 2045 1609 Si-
2086 1559 2090 1562 ’

264 1645 508 1687 monem,
536 1641 595 1678 vt
619 1627 834 1676 aedium
858 1624 1168 1676 domimum
1189 1627 1248 1674 in
1277 1625 1326 1677 se
1347 1626 1629 1677 transferat
1658 1658 1728 1667 --
1763 1647 1848 1692 45.
1872 1649 2044 1690 aram,

267 1701 376 1751 duo
403 1698 647 1768 perfugia
680 1697 953 1747 habebant
983 1696 1126 1746 serui
1158 1715 1312 1746 aram
1343 1711 1396 1748 et
1423 1698 1844 1765 deprecatorem.
1919 1703 2043 1752 Ter.

264 1774 464 1822 Heaut.
487 1790 529 1831 ς.
555 1790 597 1819 z.
625 1789 643 1817 z
659 1788 702 1819 2.
732 1785 835 1818 nec
859 1781 921 1818 tu
946 1786 1100 1817 aram
1125 1768 1246 1825 tibi,
1273 1785 1376 1818 nec
1396 1782 1735 1834 precatorem
1757 1774 2043 1837 paraueris.

263 1846 345 1893 Ex
372 1859 457 1892 ara
486 1845 579 1910 qui
609 1839 904 1907 subplicem
930 1837 1252 1908 abripuisset,
1291 1842 1511 1889 inmane
1541 1842 1664 1892 effet
1689 1842 1840 1893 nefas
1867 1845 2041 1894 ausus.

263 1916 397 1966 Arae
436 1927 616 1962 autem
651 1914 708 1960 in
757 1911 909 1960 scena
953 1923 1102 1961 erant
1144 1909 1284 1960 duae
1328 1926 1514 1970 verae,
1568 1913 1783 1964 dextera
1821 1915 1879 1961 in
1917 1916 2044 1963 Tra-

266 1986 459 2054 goedia
507 1984 742 2039 Bacchi,
790 1983 1053 2048 Apollinis
1094 1982 1152 2028 in
1189 1981 1516 2038 Comoedia,
1573 1982 1767 2035 sinistra
1818 1987 1869 2035 ei
1923 1986 2044 2043 deo,
2121 2007 2125 2016 s

264 2057 421 2107 heroi
456 2062 549 2103 aut
587 2054 700 2103 ciui
738 2051 908 2110 sacra,
961 2051 1293 2102 cui-fiebant
1332 2052 1451 2102 ludi
1497 2082 1568 2093 --
1614 2072 1697 2113 47·
1730 2054 2058 2129 praesidebo*

264 2129 408 2198 quasi
451 2128 510 2175 in
552 2124 810 2194 'praesidio
856 2124 1093 2173 manebo
1130 2125 1442 2174 conlocatus
1476 2152 1548 2162 -—-
1585 2128 1873 2175 interbitat
1906 2130 2042 2177 inte-

260 2211 374 2249 reat
407 2227 477 2236 --
521 2215 599 2258 54.
633 2197 796 2246 nimio
828 2196 958 2260 plus
973 2189 1144 2269 sapio
1159 2189 1381 2268 sedens.
1417 2194 1551 2264 quid
1577 2196 1638 2247 τό
1655 2191 1854 2272 sedere
1881 2198 1947 2247 ad
1967 2197 2041 2247 sa-

257 2271 526 2340 'pientiam
555 2266 744 2323 faciat,
787 2264 969 2315 frustra
988 2302 1002 2322 ,
1035 2267 1260 2333 opinor,
1296 2266 1560 2333 explicare
1591 2267 1913 2319 laborarunt.
1941 2287 2040 2338 pro

261 2343 488 2391 iudicem
516 2334 858 2413 qff'esolenne
884 2337 1106 2404 quidem
1131 2337 1457 2386 vocabulum
1489 2335 1558 2387 est
1582 2339 1809 2388 iudicem
1823 2334 2039 2414 sedere,

261 2428 377 2462 non
413 2427 578 2467 vero,
611 2408 759 2479 quod
788 2407 1031 2457 sedentes
1067 2408 1194 2465 [int.
1233 2405 1618 2475 sapientiores,
1658 2426 1822 2479 quarn
1865 2410 2040 2462 forent

261 2483 484 2541 stantes,
523 2479 614 2528 sed
653 2480 777 2549 quia
812 2480 1114 2529 iudicantes
1145 2476 1328 2530 sedere
1359 2475 1546 2529 solent.
1620 2480 1928 2549 Iungendus
1970 2482 2041 2532 est

259 2553 446 2604 versus
496 2569 623 2602 cum
674 2549 946 2616 sequenti:
995 2551 1124 2615 plns
1155 2543 1363 2625 sapere
1408 2547 1459 2599 se
1507 2551 1670 2609 dicit,
1718 2569 1861 2609 non,
1912 2556 2041 2620 quia

259 2625 466 2680 sedeat,
510 2621 599 2670 sed
632 2624 757 2689 quia
785 2623 839 2670 in
870 2623 993 2680 loeo
1025 2621 1218 2669 diuino
1245 2618 1446 2675 sedeat.
1497 2637 1722 2689 eamque
1762 2621 1930 2691 ipsam
1967 2625 2040 2674 ob

261 2695 492 2749 causam,
526 2694 673 2761 quod
701 2694 807 2743 hoc
834 2693 973 2749 loco,
1015 2691 1155 2760 quali
1176 2692 1404 2740 numine
1431 2691 1676 2750 adflatuS,
1711 2694 2037 2759 loquuturus

259 2769 336 2823 fit,
377 2765 591 2817 consilia
616 2762 705 2815 sua
730 2764 1002 2831 promittit
1022 2761 1137 2811 fore
1159 2761 1403 2811 firmiora
1432 2791 1504 2800 ——
1546 2769 1624 2825 58.
1663 2762 1801 2813 nihil
1831 2765 2038 2839 quaesti

259 2838 363 2910 ‘st’
402 2850 593 2886 neuter
639 2836 836 2883 melior
882 2833 952 2883 est
989 2834 1186 2890 altero,
1221 2848 1320 2900 ego
1357 2831 1581 2882 fallaciis
1615 2831 1740 2882 vsus
1775 2833 1924 2892 sum,
1977 2849 2038 2887 tu

257 2926 408 2959 nunc
435 2911 502 2958 iis
542 2907 738 2964 vteris;
764 2905 870 2972 'qui
906 2902 1204 2954 intercedat
1228 2904 1420 2953 tertius
1441 2939 1458 2960 ‚
1487 2902 1757 2954 falleretur
1788 2906 1854 2954 ab
1886 2909 2038 2957 alter-

255 2993 380 3030 vtro
413 3008 484 3016 —-
525 2982 608 3025 60.
648 2973 935 3046 emunxisti
961 2985 1181 3043 argento
1202 3001 1274 3011 —-
1293 2992 1416 3022 num
1447 2976 1617 3024 mucci
1628 2971 1824 3045 fluunt
1848 2976 2037 3029 seruus

256 3042 811 3111 verbumaemungere
854 3044 1009 3094 sensu
1056 3046 1278 3113 proprio
1325 3043 1489 3092 sumit
1527 3073 1600 3083 --
1642 3047 1727 3095 61.
1771 3049 2042 3098 cerebrum

256 3139 455 3170 omnem
485 3133 597 3168 non
626 3117 898 3185 iungenda
929 3115 1028 3166 effe
1053 3127 1218 3184 patet.
1268 3114 1388 3165 Post
1417 3132 1623 3183 quoque
1649 3132 1797 3184 pono
1827 3120 2036 3187 [ignum

257 3188 609 3243 exclamandi.
694 3188 782 3239 Τῶ
820 3190 981 3236 etiam
1020 3203 1135 3237 non
1171 3200 1294 3237 raro
1340 3185 1557 3235 additur
1590 3204 1802 3256 quoque
1838 3188 2032 3240 Pseud.

261 3281 371 3324 1.-3.
398 3281 413 3311 1
433 3279 508 3324 19.
550 3260 709 3307 etiam
746 3257 1001 3308 consultis
1032 3275 1255 3326 quoque.
1294 3256 1462 3307 Merc.
1485 3274 1529 3306 2.
1552 3274 1597 3306 2.
1620 3261 1699 3319 56.
1730 3260 1871 3308 mihi
1905 3279 2033 3328 quo-

253 3346 355 3402 que
382 3335 545 3382 etia-m
570 3328 640 3379 est
666 3330 966 3397 negotium.
997 3326 1141 3380 Pers.
1158 3346 1209 3393 4.
1226 3343 1274 3394 9,
1290 3343 1340 3391 7.
1367 3339 1420 3378 te
1443 3344 1651 3396 quoque
1671 3330 1832 3380 etiam
1852 3329 2032 3399 ipsum

2139 2789 2144 2907 Ι

2121 2911 2144 3554 ,¹
