2144 3554
309 226 426 299 356
620 238 692 284 m
739 237 975 315 Pansae
1034 236 1242 281 aci-vs
1281 220 1356 282 V.
1400 214 1658 291 scnium
1693 225 1770 290 11.

312 395 393 439 ²3·
442 375 603 441 ludos
654 384 735 426 me
760 368 965 447 facitis
1024 372 1266 424 ludibrio
1315 390 1404 424 me
1443 376 1652 428 habetis
1687 407 1759 417 —-
1811 395 1865 440 ²3
1904 381 1968 433 ad
2002 400 2082 446 29-

306 451 609 518 Paegnium
656 447 876 497 videtur
931 442 1179 495 exsultim
1212 445 1454 506 ‚saltaffe,
1512 461 1565 498 et
1603 462 1825 518 repente
1879 451 1945 501 de
2004 454 2084 502 in·

307 520 731 571 dustrialenoni
769 518 841 569 ita
882 515 1162 573 insultasse,
1213 531 1275 568 vt
1307 534 1477 588 prope
1507 522 1819 588 percelleret
1857 538 1982 573 eum
2017 554 2088 564 --

313 603 395 657 29.
432 587 633 668 serua,
697 585 904 665 rmjsum
964 585 1244 638 incursabo
1295 618 1366 628 -—-·
1436 609 1516 651 30.
1559 590 1754 642 delude
1807 607 1906 643 etc.
1961 597 2085 644 leno
2112 579 2128 615 ‘²

310 655 445 714 dicit
470 662 666 712 Toxilo
702 689 773 699 —-
829 678 908 720 3¹·
950 675 1103 726 puer,
1142 661 1283 727 quali
1320 662 1414 710 fibi
1447 661 1652 713 dixiffet
1693 664 1904 723 delude,
1953 665 2088 714 dicit
2133 659 2139 662 ’

310 736 391 786 ei:
428 733 613 791 viden,
649 740 716 781 vt
741 731 907 780 dictis
943 732 1052 780 tuis
1072 733 1288 795 pareo?
1320 745 1381 795 vt
1411 745 1464 783 te
1491 731 1743 785 deludere
1776 737 1981 804 pergo?
2019 723 2138 779 -ιῘ

312 823 397 869 35.
445 823 573 853 caue
605 799 695 874 sis
739 821 821 853 me
876 799 1138 866 adtingas
1186 819 1257 852 ne
1300 803 1497 852 iterum
1557 805 1777 856 insultes
1830 809 1970 857 mihi
2017 837 2088 845 --

311 878 394 938 36.
430 886 586 925 vtere
613 871 726 943 ipse
754 889 952 941 magno
992 872 1085 922 isto
1117 874 1292 930 malo,
1334 885 1389 923 te
1426 877 1670 926 condono
1698 878 1921 928 malum.
1999 878 2090 927 Sic

309 945 507 998 Bacch.
543 963 585 1006 ς.
618 952 666 995 ir.
702 963 780 1007 24.
836 956 890 993 te
931 944 1178 994 condono
1216 960 1378 1012 quam
1416 963 1474 994 ν.
1501 965 1578 1006 ²3·
1631 949 1950 1015 promiserat
1980 969 2087 998 ma-

310 1019 418 1069 lam
457 1034 565 1067 rem
604 1034 871 1082 magnam.
935 1014 1058 1065 Ter.
1082 1015 1299 1066 Phorm.
1324 1035 1367 1078 ς.
1394 1033 1442 1079 9.
1477 1034 1552 1077 <4-
1590 1029 1887 1086 argentum‚
1940 1019 2089 1087 quod

307 1091 493 1147 habea,
533 1088 909 1138 condonamus
938 1099 990 1135 te
1023 1114 1102 1124 -,
1135 1104 1216 1148 37.
1255 1087 1331 1136 da
1358 1082 1583 1162 pausam
1608 1089 1784 1140 desme
1817 1088 1997 1139 saltare
2017 1120 2088 1128 -—

312 1167 394 1223 38.
436 1171 488 1210 at
511 1169 565 1208 te
601 1159 693 1209 ille
718 1157 1011 1208 eradicabit
1045 1186 1118 1196 --
1155 1174 1246 1220 40..
1273 1153 1561 1229 circzmgfer
1590 1161 1788 1228 praebe
1815 1163 1874 1210 in
1903 1163 2090 1212 orbem

307 1249 338 1283 a
380 1230 590 1282 summo
627 1258 700 1268 —-
746 1249 829 1288 4²·
873 1229 1018 1297 quod
1055 1247 1162 1280 vos
1194 1228 1480 1298 numquam
1525 1241 1781 1282 transeat
1812 1248 2090 1283 venenum

309 1303 643 1370 intelligunt,
693 1301 782 1350 seu
825 1301 1070 1358 omniuo,
1127 1299 1518 1372 quod4-n1eiere
1564 1305 1848 1372 nequeatis
1880 1331 1953 1341 --
2001 1321 2083 1366 43.

290 1372 594 1449 staticulus
617 1372 820 1422 saltatio
841 1373 1025 1421 minus
1049 1366 1386 1429 motoriasssin
1409 1389 1513 1439 qua
1538 1373 1814 1424 interdum
1837 1373 1997 1425 statur
2018 1404 2088 1413 -—

311 1448 505 1512 Hegea
547 1444 765 1493 videtur
806 1441 1052 1497 saltatrix,
1102 1454 1157 1491 et
1203 1443 1495 1493 Diodorus
1543 1443 1754 1496 saltator
1799 1444 1970 1505 fuiffe,
2021 1462 2089 1496 eo

307 1531 554 1585 tempore
577 1515 789 1565 nobiles
825 1543 897 1551 —
929 1530 1016 1575 47.
1048 1507 1310 1586 inritaffis
1337 1515 1649 1566 inritaueris
1687 1545 1759 1554 —-
1788 1522 1872 1579 48.
1901 1518 2086 1566 admu-

309 1585 486 1662 tilasc'i
527 1587 605 1636 ad
642 1595 812 1635 cutem
840 1583 954 1635 vid.
980 1596 1096 1636 not.
1129 1583 1197 1633 ad
1234 1583 1389 1651 Capt.
1411 1602 1522 1635 τα.
1545 1585 1705 1656 18sq.
1746 1600 1800 1637 et
1830 1586 1949 1636 Mil.
1971 1607 2016 1648 3.
2043 1605 2086 1638 1.

314 1677 429 1720 137.
468 1687 539 1697 --
576 1673 641 1720 49
670 1656 737 1705 ad
766 1654 1144 1729 51.-vid.l4-.6.
1178 1672 1230 1716 ¹3
1265 1655 1333 1705 ad
1365 1657 1442 1706 16.
1481 1685 1552 1695 —-
1592 1674 1671 1718 53.
1711 1659 2092 1709 inconciliazeit

250 1765 251 1768 =
284 1729 620 1781 'aduersatus
655 1727 741 1778 est.
779 1745 832 1777 v.
860 1726 1058 1776 Bacch.
1081 1740 1126 1785 3.
1148 1727 1197 1774 6.
1222 1744 1311 1777 zz.·
1330 1756 1400 1765 —-
1445 1724 1524 1787 56.
1561 1727 1898 1802 prostibilem
1923 1747 2091 1779 mere-

307 1803 560 1852 triculam
583 1797 910 1850 vilissimam.
971 1797 1138 1847 Stich.
1161 1814 1205 1858 ς.
1223 1800 1270 1847 6.
1291 1815 1338 1860 4.
1375 1798 1598 1868 quidam
1637 1798 2087 1875 eodm-prostibu—

308 1873 414 1923 lam
434 1901 505 1911 —-
534 1889 593 1932 57
616 1870 683 1920 ad
704 1873 787 1920 62.
819 1871 1066 1937 obiurgat
1086 1869 1343 1936 puellam,
1377 1887 1516 1939 quae
1540 1862 1822 1938 'peruersoe
1843 1874 2090 1931 imitetur

307 1945 689 1994 libertinorum
722 1943 1107 2010 plerorumque
1137 1955 1332 1997 morea,
1368 1954 1430 1990 vt
1460 1942 1663 2008 ingrata
1698 1943 1759 1992 fit
1790 1945 2090 2012 minusque

307 2014 612 2083 ‚obsequens
649 2014 957 2070 fibifcuius
986 2010 1242 2060 vniuossfit
1283 2011 1493 2068 liberta,
1542 2016 1637 2080 qui
1677 2015 1793 2064 eius
1831 2029 2089 2082 patronus

310 2087 385 2143 fit,
418 2102 532 2137 non
558 2087 684 2135 leno
717 2113 789 2123 --
823 2101 899 2144 59.
929 2080 1046 2134 Mff.
1072 2084 1130 2132 m‘
1149 2081 1209 2131 id
1233 2077 1395 2158 efficit
1422 2097 1482 2133 vt
1502 2096 1732 2151 patrono
1761 2085 2085 2138 aduersetur.

307 2159 583 2226 Sequutus
610 2170 792 2207 tamen
819 2153 936 2205 sum
949 2155 1209 2204 Venetam
1231 2165 1288 2204 et
1303 2152 1465 2204 Paris.
1490 2156 1553 2203 ni.
1580 2155 1665 2204 illi
1689 2155 1893 2230 objicit,
1939 2157 2087 2225 quod

304 2227 522 2280 Pistoris
558 2238 611 2278 e't
643 2227 794 2278 Acid.
828 2237 973 2286 recte
1016 2236 1213 2291 putant
1253 2225 1352 2275 effe
1391 2227 1734 2282 concinnius,
1772 2228 1902 2279 licet
1933 2223 2084 2279 Acid.

302 2312 491 2351 ‚tamen
529 2296 898 2369 praeposuerit
941 2291 1123 2369 obfuit
1169 2324 1241 2334 -·
1278 2298 1362 2345 62.
1402 2314 1535 2357 meo„
1563 2299 1617 2347 in
1653 2298 1775 2348 loco
1817 2299 1927 2351 κατ’
1964 2300 2090 2356 ε’,ιιόν

307 2376 458 2440 μέρος
489 2401 560 2410 -—-
596 2373 676 2428 64.
712 2371 916 2419 liberas
955 2362 1201 2440 virg-{nes
1245 2367 1552 2418 mercatur?
1591 2397 1661 2406 «-
1711 2374 1794 2430 65.
1835 2372 1930 2436 qui
1965 2363 2088 2442 fuit

306 2445 581 2511 quondam
607 2435 798 2514 fortis
832 2452 1038 2490 amator
1081 2449 1153 2477 4-
1203 2440 1286 2497 6ς.
1330 2440 1618 2504 colaphum
1663 2441 1761 2489 icit.
1810 2435 2087 2510 κολαφίξει

309 2513 589 2583 Sagaristio
629 2541 699 2550 —-
736 2514 819 2562 66.
850 2510 982 2562 heu!
1022 2520 1181 2560 nates
1198 2509 1488 2575 pervellit!
1524 2525 1673 2561 nates
1703 2513 1774 2560 ita
1809 2510 2085 2570 adtrectat,

307 2597 367 2635 vt
406 2602 492 2636 eas
526 2585 747 2651 depilet,
781 2585 923 2652 pilos
960 2583 1143 2640 vellat,
1181 2579 1237 2629 id
1275 2581 1422 2649 quod
1460 2582 1707 2633 moechis
1747 2581 2087 2648 deprehensis

307 2656 510 2708 solebat
545 2654 690 2705 fieri:
749 2671 913 2723 quare
946 2653 1245 2721 Paegnium
1286 2654 1445 2708 v.67.
1493 2654 1589 2702 diu
1613 2647 1788 2726 saepe
1810 2648 1950 2726 sunt
1994 2673 2083 2713 ex-

305 2737 541 2793 punctae
565 2740 716 2777 nates
739 2738 878 2783 tuae,
915 2726 1181 2793 depilatae
1205 2723 1263 2770 in
1291 2723 1554 2774 adulterio
1591 2725 1691 2773 tibi
1710 2721 1980 2791 deprenso
2014 2755 2087 2764 —-

310 2801 393 2858 67.
402 2793 652 2870 srzfium
684 2800 842 2862 pueri
870 2808 1032 2847 vocat
1071 2790 1197 2847 eum
1235 2808 1454 2862 propter
1481 2793 1727 2844 staturam
1767 2793 1944 2844 adhuc
1969 2797 2084 2845 bre—

309 2872 519 2919 viorem
554 2898 625 2907 -—
663 2875 745 2919 68.
779 2877 1012 2933 patrone
1033 2880 1134 2918 etc.
1158 2866 1335 2934 puella
1355 2865 1489 2916 dicit
1510 2867 1694 2915 lenoni
1718 2864 1783 2912 ad
1807 2882 1929 2915 eum
1953 2866 2085 2916 inri-

244 3004 249 3007 ⁷
310 2941 571 2997 (lendum,
607 2951 667 2990 vt
686 2940 884 2988 Toxilo
910 2937 1218 2999 satisfaciat
1258 2954 1328 2973 -—·
1363 2955 1481 2985 mea
1506 2937 1736 3002 ignauia
1757 2937 2085 3006 plerumque

308 3011 501 3061 dicunt
542 3010 641 3060 esse
683 3011 1011 3060 ablatiuum:
1058 3018 1279 3077 propter
1306 3023 1487 3057 meam
1514 3009 1809 3076 ignauiam,
1852 3024 1957 3076 qua
1993 3025 2081 3059 me

307 3083 455 3132 eludi
483 3085 674 3150 patior,
707 3095 760 3132 et
795 3096 855 3131 tu
881 3097 970 3131 me
1003 3079 1258 3129 deludere
1291 3078 1500 3128 audes?
1535 3077 1680 3125 Mihi
1710 3093 1838 3126 vero
1866 3079 2085 3130 videtur

284 3153 410 3203 effe
436 3155 753 3203 vocatiuus:
808 3164 886 3210 tu,
924 3167 1087 3222 quam
1121 3151 1373 3219 ignauam
1408 3148 1507 3198 effe
1539 3147 1665 3205 sci0,
1701 3160 1881 3198 tamen
1918 3153 2082 3200 etiam

307 3224 514 3275 hiscere
559 3224 939 3275 maledicendo
984 3220 1236 3272 conaris?
1285 3237 1368 3278 7²-
1401 3237 1602 3274 manus*
1636 3220 1708 3269 do
1745 3221 1958 3269 victum
1991 3239 2084 3271 me

310 3297 410 3347 effe
431 3294 608 3346 fateor
640 3324 711 3334 --
748 3313 775 3359 7
786 3314 830 3357 3.
854 3289 962 3369 sub
970 3288 1164 3365 furcis
1188 3292 1408 3343 vinctus
1440 3291 1718 3362 virgisque
1742 3289 1942 3358 caesus·
