2144 3554
215 185 337 250 v:¹³68
729 200 800 244 m
858 199 1120 244 Μηιτιε
1181 200 1498 246 οιοιυοεῐ

215 352 318 392 res,
351 336 446 404 qui
472 335 588 384 nati
621 331 786 384 essent
809 332 1063 403 pecudea,
1099 346 1161 383 tu
1188 351 1337 384 vnus,
1359 335 1608 385 omniurn
1645 333 1996 404 dignissimus,-

218 408 312 476 qui
337 404 606 456 nascerere
629 407 814 455 homo.
842 435 909 441 ——m
937 405 1048 454 Pal.
1076 406 1299 455 ancillae
1326 405 1645 456 insusurrat:
1682 408 1998 463 northen-le

218 480 504 529 humanum
537 474 611 549 est
645 494 796 541 erga,
835 494 958 525 nam
990 476 1235 525 vulturio
1272 478 1402 542 plus
1431 479 1656 528 humani
1679 479 1842 527 credo
1889 477 1962 598 (9ζὶ
1979 478 1999 528 !

180 577 183 579 >
215 547 444 599 Sensus:
484 550 540 597 in
572 549 676 597 hoc
699 547 923 615 quidem
949 547 1124 597 milite
1150 548 1182 595 fi
1215 549 1506 615 praecipua
1542 547 1870 616 conspicitur
1941 566 1999 597 u-

210 621 477 675 ·manitas‚
521 619 913 668 humanitatem
952 632 1051 685 ego
1094 620 1320 670 omnino
1358 620 1586 669 arbitror
1623 618 1722 669 ess'e
1758 621 1995 678 nullam;

215 694 274 741 in
303 689 418 759 ipso
446 691 595 738 enim
629 690 870 739 vulturio
903 689 1023 757 plus
1066 690 1279 747 inesset,
1320 707 1483 760 quam
1521 693 1579 739 in
1609 691 1716 742 hoc
1752 692 1995 748 homine,

211 761 570 813 humanitatis
603 790 675 799 —
718 777 795 819 53.
832 760 989 828 Pyrg.
1021 756 1229 811 secum:
1275 780 1527 828 magnum
1551 782 1631 811 me
1639 757 1862 834 faciam
1892 774 1994 812 etc,

208 831 532 903 ‘sequutums
573 831 855 881 confilium
889 829 1027 881 serui
1062 857 1133 870 -—-
1174 848 1252 890 54.
1288 833 1397 882 Pal.
1437 835 1663 883 ancillae
1691 835 1822 883 vide
1848 835 1996 899 igna-

212 923 370 962 vum,
421 914 489 954 vt
514 896 639 978 [εἶβε
678 896 889 973 inserat
926 923 997 941 -—
1044 921 1122 964 ςς.
1161 902 1271 952 Pal.
1309 906 1597 954 111iliti>-—
1643 904 1996 973 postdudmn

212 975 493 1025 additurus
528 987 640 1024 erat
676 974 906 1023 laudaui
944 1003 1015 1012 —
1059 979 1136 1034 58.
1168 973 1282 1042 post
1308 992 1476 1041 porro
1514 987 1820 1043 perrectura
1854 987 1992 1026 erat:

213 1048 318 1098 tibi
351 1045 611 1096 annulum
645 1045 870 1094 tradidit
910 1074 981 1083 —
1017 1043 1223 1116 60.stt‚
1272 1064 1368 1095 nec
1406 1065 1476 1096 ne-
1499 1047 1639 1096 salua
1679 1076 1751 1084 —
1786 1054 1869 1104 64.
1904 1064 1994 1096 vr-

211 1119 421 1184 bicape.
464 1117 578 1166 vid.
626 1116 827 1166 Bacch.
855 1133 906 1176 4.
928 1133 975 1178 9.
1007 1135 1091 1174 4²·
1141 1145 1213 1155 —-
1271 1119 1355 1175 67.
1396 1131 1590 1186 porcus
1637 1117 1883 1168 castratus
1924 1116 1995 1168 est

209 1190 461 1247 maculis,
503 1203 617 1238 non
653 1186 902 1242 castratus
933 1205 1120 1237 verres
1160 1217 1226 1228 --
1278 1189 1364 1239 69.
1387 1184 1677 1264 seminium
1709 1190 1790 1240 vis
1814 1188 1994 1239 fecun-

205 1261 376 1319 dam,
431 1275 568 1329 quae
609 1257 800 1308 semini
835 1260 1157 1310 animalium
1198 1258 1331 1308 inest
1365 1290 1435 1298 —-
1483 1276 1566 1322 7²·
1608 1260 1753 1310 mille
1793 1262 1994 1311 modio-

211 1350 326 1382 rum
346 1348 442 1400 pro
466 1331 617 1380 mille
645 1331 847 1388 modii;
883 1329 971 1379 sed
994 1330 1136 1398 apud
1160 1331 1483 1381 Ciceronem
1510 1348 1727 1402 quoque
1753 1333 1994 1382 Livium-

209 1419 317 1473 'que
343 1403 488 1453 mille
516 1402 785 1470 reperitur
814 1400 1143 1451 substantiue
1175 1403 1406 1470 positum
1436 1431 1511 1442 --
1548 1421 1631 1462 73.
1670 1414 1881 1453 montes
1917 1417 1993 1453 to-

204 1486 322 1532 tos,
362 1493 471 1524 non
508 1484 721 1522 tantum
748 1469 946 1547 maffas
974 1473 1138 1521 habet
1171 1500 1243 1510 --
1282 1485 1436 1533 74-.et
1469 1490 1552 1533 75.
1580 1472 1778 1541 Milph.
1808 1486 1861 1524 et
1878 1475 1991 1526 Pal.

206 1546 304 1596 fibi
331 1546 575 1595 inuicem
603 1543 888 1602 susurrant,
925 1543 1103 1593 milite
1129 1559 1241 1592 non
1273 1544 1742 1595 animaduertente
1774 1574 1846 1584 --
1862 1541 1992 1622 sub-

206 1619 349 1668 lecto
389 1634 450 1666 os*
491 1614 742 1667 ludificor
789 1645 861 1654 -
907 1621 989 1665 81.
1018 1621 1102 1663 82.
1146 1627 1206 1666 vt
1238 1632 1321 1678 74.
1355 1633 1439 1677 75.
1493 1617 1636 1665 inter
1682 1613 1765 1675 se,
1815 1619 1993 1668 milite

204 1705 320 1739 non
353 1688 608 1737 audiente
644 1716 715 1725 —
748 1687 855 1737 huc
895 1684 1147 1736 aliorsum
1190 1686 1290 1736 abs
1330 1697 1386 1736 to
1423 1690 1603 1737 auerti
1641 1705 1760 1746 me,
1816 1705 1888 1738 ne
1934 1691 1992 1739 in

201 1759 338 1810 risus
371 1757 676 1810 effunderer
710 1786 781 1795 —
823 1764 905 1818 84.
946 1768 1143 1807 contra
1167 1776 1322 1808 auro.
1359 1759 1471 1809 vid.
1503 1757 1663 1826 Epid.
1687 1777 1732 1820 3.
1753 1777 1796 1819 3.
1818 1778 1899 1820 30.
1925 1790 1996 1799 -

205 1839 234 1884 8
249 1851 291 1891 ς.
308 1849 482 1880 merus
499 1830 733 1897 ἄκρατος,
760 1830 850 1880 cui
866 1828 1164 1879 admixtum
1186 1830 1328 1878 nihil
1347 1829 1434 1886 est,
1449 1846 1635 1903 purus,
1651 1846 1827 1888 verus,
1843 1848 1992 1899 prae·

204 1903 341 1965 stans
370 1931 442 1941 -—
473 1918 558 1965 9²·
578 1902 714 1950 viua
739 1913 862 1951 ante
888 1917 1048 1970 quam
1077 1898 1245 1950 risum
1267 1899 1656 1970 subprimendo
1684 1919 1902 1971 rumpat
1922 1932 1994 1942 —

202 1992 290 2042 94.
327 1974 587 2042 numquid
616 1973 749 2023 vis?
791 1972 999 2022 abitura
1027 1972 1162 2022 dicit
1186 1973 1351 2023 militi
1379 2002 1451 2012 --
1480 1975 1574 2042 qui
1601 1992 1666 2022 ne
1691 1976 1868 2039 magis
1881 1971 1991 2048 stm

202 2047 422 2114 pulcer,
482 2063 645 2112 quam
678 2037 807 2117 sum
848 2045 882 2091 i.
917 2059 963 2092 e.
1006 2042 1124 2095 sum
1161 2044 1375 2112 pulcer,
1437 2042 1529 2094 sed
1577 2045 1823 2103 manem,
1871 2064 1990 2095 mu·

200 2120 362 2168 lieres
408 2117 594 2166 minus
642 2113 816 2165 forma
866 2129 986 2163 mea
1032 2113 1256 2164 incendi
1291 2143 1364 2155 --
1408 2131 1492 2178 95.
1532 2135 1652 2166 mea
1687 2136 1768 2166 me
1784 2111 1990 2188 forma

185 2184 495 2266 sollicitum
521 2186 685 2237 habet
711 2185 928 2236 miseret
952 2203 1040 2236 me
1071 2184 1378 2236 miserarum
1405 2186 1585 2236 ambre
1619 2189 1730 2237 mei
1759 2204 1990 2255 pereun-

202 2256 372 2310 tium!
407 2287 480 2298 -—
518 2259 602 2319 96.
642 2266 710 2307 vt
743 2275 840 2308 cor
877 2259 924 2307 ei
954 2253 1137 2333 saliat
1172 2257 1371 2327 gaudio
1411 2258 1640 2316 exsiliat,
1674 2269 1732 2308 vt
1771 2263 1986 2311 animus

200 2348 359 2383 meus
408 2330 682 2398 expleatur
728 2329 926 2398 gaudio
974 2357 1048 2368 --
1110 2334 1192 2390 98.
1233 2329 1373 2379 clam
1416 2356 1487 2367 —-—
1547 2347 1659 2379 100.
1699 2331 1988 2400 legendum

202 2403 410 2468 Milph,
448 2416 539 2449 me
579 2417 807 2458 morare,
845 2400 997 2451 abeo.
1083 2401 1208 2451 Pal.
1252 2413 1432 2469 neque
1466 2411 1519 2449 te
1551 2417 1768 2460 moror,
1809 2419 1990 2471 neque

201 2489 257 2526 te
293 2487 473 2542 tango,
519 2488 699 2541 neque
724 2483 778 2521 te
821 2509 833 2522 .
860 2510 872 2522 .
909 2470 1106 2521 addere
1144 2471 1348 2540 aliquid
1378 2471 1430 2523 se
1464 2473 1607 2522 velle
1636 2473 1842 2533 similat,
1887 2477 1988 2523 mi-

200 2548 359 2596 litem
403 2541 578 2595 forsan
622 2545 741 2594 vult
777 2544 1108 2611 intelligere:
1161 2557 1340 2647 neque
1379 2555 1432 2595 te
1478 2542 1744 2613 (sponsam
1783 2550 1987 2612 meam)

201 2616 443 2675 osculorg
491 2631 618 2665 mox
667 2630 796 2664 vero
850 2613 1026 2664 addit:
1085 2624 1261 2668 taceo.
1315 2642 1380 2652 --
1450 2630 1564 2666 101.
1603 2614 1694 2689 isli
1731 2618 1811 2666 rei
1853 2616 1987 2684 quid

199 2687 517 2738 faciendum
575 2686 634 2735 fit
688 2686 756 2736 de
802 2686 1229 2745 Philocomafio,
1299 2687 1408 2738 hoc
1455 2700 1581 2754 curn
1631 2686 1988 2740 Palaestrione-

200 2770 327 2813 ante
361 2758 577 2810 curabo·
1644 2777 1646 2779 ’

508 2863 600 2922 lN
661 2866 928 2921 ACTVS
991 2869 1090 2922 IV.
1164 2864 1510 2921 SCENAM
1569 2871 1680 2922 111.

308 2982 360 3026 ς.
396 2958 803 3036 elementiffime.
839 2963 952 3017 vid.
986 2980 1034 3024 4.
1069 2981 1108 3015 ι.
1137 2978 1196 3026 34
1214 2961 1290 3032 sq.
1331 2988 1403 3006 -·-
1460 2971 1508 3019 805
1551 2975 1767 3031 tempus
1812 2969 1984 3020 maxi·

201 3048 342 3089 mum
381 3030 479 3109 ff
526 3035 993 3101 obportunitatem
1042 3049 1156 3086 non
1197 3035 1297 3087 ess'e
1347 3037 1879 3102 praetermittendam
1917 3066 1989 3079 -·

207 3100 500 3178 13,sor'tis
539 3104 756 3156 Nonius
801 3117 855 3154 et
904 3105 1125 3157 Servius
1177 3104 1244 3156 ad
1286 3106 1420 3157 Aen.
1447 3123 1495 3167 4.
1532 3101 1810 3190 formosa.
1896 3109 1988 3158 Sic

198 3176 399 3231 Bacch.
421 3196 463 3229 z.
486 3182 632 3237 ²·38·
704 3176 840 3227 Alii:
882 3177 1090 3235 valida,
1126 3185 1298 3229 aetate
1331 3179 1570 3246 integra,
1603 3179 1668 3228 ad
1704 3182 1791 3229 res
1826 3194 1986 3230 vene·

196 3263 316 3304 teas
362 3248 558 3301 idonea
593 3266 663 3284 ε-
720 3264 796 3307 ι4.
836 3250 1015 3297 omnia
1062 3251 1152 3297 vis
1194 3248 1436 3302 obtinere
1475 3246 1756 3308 onmium,
1805 3249 1984 3306 creda,

195 3320 492 3375 mulierum
519 3317 752 3392 cupidus
780 3320 840 3367 ee
866 3343 937 3359 *-
968 3331 985 3373 t
999 3337 1045 3382 5.
1072 3323 1147 3375 16,
1180 3331 1412 3374 matrem
1438 3321 1562 3371 eius
1586 3322 1743 3375 miles
1759 3321 1984 3374 Athenis
