2144 3554
563 151 770 215 Ac‘rvs
817 148 921 209 lV.
985 163 1244 207 scenam
1279 148 1322 207 l.
1361 149 1434 207 11.
1478 148 1580 210 111.
1843 156 1958 216 233

533 298 622 351 IN
679 295 943 349 ACTVS
992 297 1088 347 IV.
1162 295 1506 346 SCENAM
1566 296 1605 345 1.

297 389 344 423 τ.
363 364 790 448 foebingenium
835 385 1001 418 meum
1037 366 1170 422 feci,
1219 380 1278 418 vt
1316 366 1488 425 soleo,
1533 378 1593 416 vt
1632 364 1962 422 aduorsatrix

188 444 382 499 marito
418 456 543 491 meo
589 441 698 491 [im.
740 438 849 490 vid.
895 440 1021 491 Ter.
1051 440 1180 489 Hec.
1204 456 1247 489 2.
1275 459 1313 488 ι.
1340 456 1427 489 ν.ι
1460 435 1571 507 sqq.
1610 438 1739 487 viris
1776 437 1960 487 aduer-

189 514 266 566 sae
301 511 421 576 else,
446 509 700 566 studium,
741 522 790 560 et
825 512 1116 580 pertinacia
1148 506 1219 559 est
1244 510 1552 568 mulierum,
1589 523 1691 559 nec
1725 510 1961 561 declina·

172 592 298 635 ‘tam
343 582 406 633 ab
446 583 668 632 aliarum
700 582 920 652 ingenio
953 582 1180 650 reperias
1220 582 1383 631 vllam
1408 609 1479 620 -
1516 597 1564 638 7.
1598 597 1771 629 armos
1810 592 1958 631 octo·

186 655 347 720 ginta
375 664 427 703 et
449 663 684 722 quatuor
707 653 836 704 fero.
894 651 1040 702 Men.
1065 670 1105 704 c.
1131 670 1174 702 ι.
1193 655 1241 702 6.
1273 662 1430 702 aetas
1467 650 1611 699 mala
1639 669 1791 702 merx
1814 652 1961 701 mala

190 722 265 800 est
299 725 578 790 tergol—
623 742 697 776 ιι.
735 725 808 774 da
826 718 968 801 sane
1007 725 1062 772 in
1115 738 1260 773 aram
1300 726 1505 793 inpone
1546 750 1616 779 ,-
1659 740 1737 773 ιι.
1766 723 1958 792 Apollo

183 797 542 862 προςτσιτήριος
583 795 668 845 vel
711 792 909 855 α’γωεύς
945 795 1098 844 cuius
1148 793 1366 845 statuam
1423 790 1787 845 consecratam
1835 807 1961 846 ante

178 865 344 916 aedes
380 865 659 932 ponebant
703 894 774 906 -—-
835 882 912 919 24.
958 866 1243 917 Alcumena
1288 866 1378 916 vel
1423 865 1602 915 Plauti
1645 881 1706 913 ex
1742 865 1960 934 Amphi·

185 948 385 987 truoue
419 934 538 987 satis
572 950 719 994 nota,
765 935 984 1006 indigua
1013 937 1254 1005 quidem,
1292 939 1447 988 cuius
1483 935 1707 986 nomine
1735 939 1959 1006 quamtis

185 1006 485 1076 adpelletur
535 1010 738 1079 pellex,
791 1007 922 1059 casta
979 1010 1269 1069 nimirum,
1322 1009 1355 1058 fi
1405 1024 1500 1078 per
1544 1009 1730 1058 Iovem
1783 1005 1961 1059 fiiilset

183 1077 416 1130 licitum.

500 1170 587 1222 IN
647 1170 919 1223 ACTVS
975 1170 1069 1222 lv,
1142 1167 1496 1221 SCENAM
1554 1170 1628 1219 11.

297 1258 341 1296 e.
367 1241 623 1307 hortator
653 1243 953 1309 remigum,
1000 1240 1287 1295 κελευστφῗς.
1327 1269 1390 1277 -
1456 1239 1759 1299 Acidalius.
1799 1244 1960 1293 metri

185 1309 368 1379 causa,
413 1312 526 1382 post
545 1308 698 1391 solet
729 1310 1073 1363 inserendum
1103 1313 1318 1379 putauit
1344 1311 1484 1363 olim.
1560 1312 1698 1361 Satis
1737 1313 1959 1382 quidem

181 1382 350 1434 latine
399 1386 567 1454 pollet
609 1385 808 1454 recipi3
867 1387 933 1433 lic
979 1384 1096 1434 Mil.
1127 1405 1164 1434 ι.
1193 1401 1230 1432 ι.
1269 1405 1301 1432 ·.
1347 1383 1562 1438 clarior,
1623 1400 1787 1454 quam
1835 1383 1960 1437 solis

181 1453 321 1506 radii
359 1455 460 1509 effe
499 1457 643 1514 olim,
688 1472 855 1523 quum
882 1454 1088 1524 'sudum
1125 1451 1213 1509 est,
1259 1451 1443 1504 solent.
1517 1454 1682 1504 Poen.
1710 1472 1749 1506 ι.
1773 1474 1815 1506 2.
1847 1475 1957 1515 ιη.

181 1528 558 1596 tranquillum,
595 1543 759 1596 quam
795 1542 939 1578 mare
979 1525 1051 1575 cst
1074 1525 1214 1583 olim,
1254 1542 1423 1593 quum
1455 1524 1530 1575 ibi
1562 1525 1746 1576 alcedo
1781 1529 1959 1596 pullos

181 1597 367 1648 educit
395 1596 533 1658 suos..
573 1597 733 1649 Truc.
763 1615 803 1650 t.
831 1618 868 1649 ι.
894 1606 970 1648 ιὸ.
1013 1598 1274 1647 lenonum
1310 1609 1365 1646 et
1395 1593 1688 1647 scortorum
1725 1598 1842 1666 pluo
1869 1597 1959 1658 est,

182 1684 342 1738 qnam
368 1669 496 1720 o-lc‘m
519 1667 817 1719 muscarum
852 1667 939 1725 est,
1002 1685 1138 1717 uum
1165 1669 1365 1717 caletur
1394 1669 1655 1719 maxime:
1692 1669 1799 1720 hoc
1829 1686 1959 1722 vero

179 1737 302 1792 loco
345 1739 499 1792 haud·
528 1739 669 1798 sci0,
715 1756 783 1790 au
823 1741 973 1790 necel
996 1739 1112 1789 'ario
1150 1738 1523 1806 recipiendum
1563 1738 1744 1791 fuerit.

485 1860 574 1911 IN
641 1859 910 1912 ACTVS
957 1861 1051 1911 IV.
1145 1860 1494 1911 SCENAM
1544 1861 1655 1911 111.

289 1945 335 1990 3.
364 1934 713 1984 commendas
751 1934 989 2003 loquitur
1030 1932 1094 1981 ad
1143 1930 1193 1982 se
1240 1932 1433 2001 ipsam,
1485 1930 1571 1981 scd
1617 1950 1667 1982 v.
1692 1946 1739 1989 4.
1781 1928 1960 1980 rursus

178 1998 355 2051 'detuli
413 2002 595 2053 ersona
619 2005 791 2073 prima
807 2034 870 2040 -——
903 2022 916 2053 ι
940 2023 977 2052 ι.
1000 2004 1148 2053 vidit
1169 2021 1300 2054 vxor
1322 2020 1441 2053 mea
1456 2000 1868 2069 Palicompsam!
1890 2031 1962 2042 —·

192 2088 270 2123 ιι.
296 2089 368 2138 po
415 2075 519 2125 hoc
544 2073 618 2150 esi⁴
646 2075 748 2125 hac
785 2091 910 2125 cum
950 2075 1173 2124 muliere
1208 2089 1268 2125 vt
1305 2074 1460 2132 estet,
1501 2077 1635 2125 haec
1668 2072 1772 2122 fnit
1806 2070 1962 2121 causa

183 2141 264 2190 ire
292 2146 435 2212 quod
470 2158 571 2209 etc.
599 2175 670 2185 --
727 2141 958 2222 14.sme.=·
993 2148 1083 2196 vir
1119 2164 1346 2196 vxorem
1369 2141 1534 2220 suam
1572 2162 1696 2214 pro:
1739 2160 1963 2193 vxorem

179 2210 332 2276 suam
357 2218 473 2266 eius
502 2219 614 2276 vir;
650 2215 768 2275 sed,
813 2217 958 2287 quod
991 2220 1078 2267 vir
1114 2219 1261 2286 prius
1290 2233 1494 2284 ponere
1522 2218 1761 2273 volebat,
1796 2233 1960 2282 quarn

180 2301 438 2347 vaeorem,
489 2303 604 2338 uon
647 2289 827 2339 locum
875 2289 1106 2338 habebat
1145 2290 1258 2338 eius
1301 2291 1392 2338 vir
1424 2305 1558 2339 voce
1597 2305 1707 2337 nou
1750 2303 1960 2356 praece·

183 2354 376 2418 dente,
436 2358 504 2409 ad
556 2376 717 2428 quam
763 2362 875 2411 eins
923 2358 1230 2410 referretur:
1282 2375 1380 2428 pro
1420 2361 1532 2410 eiu-s
1577 2361 1744 2430 igitur
1780 2357 1963 2425 posuit

164 2421 308 2505 Jiuts
338 2457 413 2471 --·
453 2448 526 2486 ις.
563 2429 931 2506 vrbam‘fiunt
960 2429 1175 2504 rrgfit'ei!
1210 2433 1423 2488 mulier,
1458 2443 1616 2482 toruo
1645 2431 1959 2499 minacique

182 2500 339 2550 vultu
374 2502 532 2552 tacita
573 2500 806 2558 adstmm,
857 2501 1173 2553 salutantem
1210 2518 1322 2552 non
1361 2501 1637 2558 resalutat,
1674 2517 1834 2570 quare
1870 2519 1959 2550 vr·

183 2565 316 2621 bani
342 2583 404 2622 tu
438 2573 664 2629 mulier,
712 2575 865 2623 cuius
891 2575 961 2622 ‘in
998 2575 1127 2623 vrbe
1171 2573 1425 2637 educatae
1466 2574 1655 2623 vrbani
1701 2572 1962 2622 debenent

182 2640 285 2690 else
316 2660 510 2701 mores,
540 2643 683 2714 fiunt
706 2642 890 2721 rustici
914 2646 1023 2695 ruri
1057 2644 1390 2713 aliquamdiu
1420 2654 1747 2694 commorata
1780 2658 1961 2694 mores

182 2709 403 2763 sumsisti
432 2713 653 2766 rusticos
676 2743 746 2754 —-·
789 2733 865 2778 ις.
895 2720 967 2766 16.
1003 2716 1258 2781 pudicius
1289 2718 1459 2783 magis
1480 2715 1678 2783 pudori
1705 2715 1962 2786 equidem

184 2782 451 2842 consului,
494 2802 657 2855 quam
701 2799 778 2841 tu,
830 2788 925 2856 qui
968 2803 1058 2835 rus
1100 2788 1290 2836 venire
1324 2786 1541 2836 noluisti
1590 2816 1658 2825 —
1719 2804 1793 2842 ¹7·
1837 2804 1961 2836 num

184 2856 320 2921 quid
355 2856 672 2925 delinquunt
702 2853 924 2932 rrfiicz'?
977 2874 1113 2908 num
1148 2855 1465 2908 rusticomm
1494 2856 1594 2915 est,
1633 2856 1961 2927 quibusdam

185 2925 436 2977 inrebus
467 2928 811 2996 delinquere,
850 2940 1039 2997 atque,
1082 2927 1230 2993 quod
1262 2929 1548 2986 deberent,
1587 2946 1702 2979 non
1732 2927 1962 2979 curare?

184 2995 242 3045 h.
260 2994 518 3065 l.⁴quum=
554 3017 688 3050 uum
714 2997 1031 3053 rusticorum
1059 2998 1145 3055 est,
1184 2996 1466 3051 salutantes
1495 3016 1609 3050 nou
1635 2999 1961 3050 resalutare?

184 3076 308 3116 tum
346 3067 495 3118 timul
527 3082 693 3121 tecte:
734 3087 868 3121 num
901 3069 1220 3122 rusticorum
1248 3068 1348 3128 est,
1399 3069 1655 3123 leuiffima
1682 3072 1875 3140 quauis
1902 3072 1962 3119 in

183 3134 490 3206 suspicione
539 3140 717 3192 furere
774 3143 949 3213 prius,-
1009 3157 1172 3210 quam
1219 3156 1365 3200 rem,
1431 3144 1604 3211 qualis
1651 3143 1737 3199 s1t,
1806 3154 1959 3191 antea

185 3207 511 3277 cognoscere
527 3212 652 3276 23-
712 3230 785 3270 ¹9·
818 3215 952 3281 quid
988 3223 1164 3261 autem
1190 3213 1392 3263 vrbani
1420 3208 1803 3281 deliquerunt?
1853 3228 1958 3281 qua

187 3281 249 3330 in
269 3297 329 3333 re
359 3297 480 3352 ego,
520 3283 616 3354 qui
640 3284 902 3336 vrbanam
928 3286 1098 3336 vitam
1125 3284 1265 3343 colo,
1300 3282 1578 3356 deliquiffe
1605 3284 1708 3336 tibi
1730 3283 1960 3336 videm-‘3
