2144 3554
117 243 121 245 ‚
193 175 318 220 200
809 175 880 218 IN
940 175 1326 219 RAcchvm

198 312 407 363 crimini
450 308 598 379 quod
629 307 814 373 Lydus
850 310 910 357 in
953 321 1007 358 te
1045 307 1385 368 conferebat,
1424 309 1715 361 maledicto
1750 313 1978 376 Lydi-

203 399 283 442 19.
309 383 414 431 hac
455 383 490 430 fi
523 383 825 451 genuinum
853 379 941 439 est,
964 380 1211 449 intelligo
1248 381 1501 436 δεικτικῶς
1530 383 1777 449 Ῐιαριηεει
1812 402 1979 434 manu

198 454 506 504 minitante.
582 451 922 502 Camerarius
954 450 1015 502 τδ
1044 452 1148 500 hac
1185 450 1401 510 adiecit,
1441 452 1548 502 fine
1587 451 1756 503 dubio
1799 456 1859 503 in
1895 470 1981 505 co-

201 523 320 573 dice
355 525 537 594 aliquo
573 532 849 591 repertum
869 551 941 563 --
969 539 1048 572 22.
1079 518 1178 596 nist
1202 520 1313 588 ipse
1340 540 1484 573 ames
1514 524 1733 574 alteram
1760 524 1983 577 Bacchi-

204 593 330 644 dem
365 624 436 636 -—
476 613 583 644 non
622 594 846 643 habeam
881 594 1003 643 tihif
1008 591 1183 667 fidem
1220 603 1432 645 tantam
1465 595 1556 643 vix
1592 595 1890 656 crederem,
1930 608 1984 648 te

202 676 416 716 tantum
452 667 570 717 auri
605 664 857 716 daturum
892 664 1032 714 mihi
1063 676 1155 714 aut
1183 664 1435 716 alicunde
1468 667 1828 718 inuenturum
1867 667 1985 727 ess'e,

204 750 409 805 quanto
445 736 703 804 equidem
728 753 876 787 nunc
900 752 1122 804 egeo—-
1163 753 1183 782 ι
1196 753 1240 795 3.
1276 754 1416 785 nunc
1445 746 1662 789 tuarum
1699 757 1872 789 rerum
1889 734 1985 816 sa-

204 809 353 872 tagis
396 819 455 857 vt
484 808 751 862 inuenias,
788 819 1054 875 quantum
1085 805 1190 856 tibi
1217 807 1310 874 ipfi
1348 823 1484 875 opus
1516 806 1588 857 est
1616 837 1689 848 —-
1728 829 1805 861 τ’».
1834 821 1986 862 tuam

208 881 424 949 copiam
447 880 600 933 cuius
622 877 884 931 calliditas
909 881 1045 937 auri,
1063 892 1170 950 quo
1193 892 1330 947 opus
1345 877 1663 950 est‚··copiam
1686 881 1788 930 tibi
1810 880 1988 936 faciet.

524 1020 615 1074 IN
679 1019 957 1071 ACTVS
1007 1021 1099 1070 IV.
1186 1018 1534 1071 SCENAM
1581 1022 1678 1073 IV.

320 1107 340 1139 1
372 1091 439 1143 ad
474 1090 547 1142 16.
587 1094 811 1161 Ignarus
838 1091 1017 1144 adhuc
1048 1089 1354 1158 Chrysalu3‚
1386 1107 1575 1143 aurum
1606 1110 1634 1144 a
1658 1092 1994 1144 Mnesilocho

212 1164 351 1231 patri
387 1162 646 1215 traditum
686 1164 785 1216 effe
826 1180 1017 1221 omne,
1070 1165 1129 1212 in
1177 1163 1290 1212 [inu
1330 1163 1530 1231 gaudet
1573 1167 1643 1217 ob
1683 1163 1865 1214 senem
1903 1165 1992 1215 de-

212 1247 463 1302 ceptum,
514 1237 818 1303 herumque
863 1236 1134 1286 iuniorem
1182 1250 1306 1285 cura
1350 1235 1638 1286 liberatum
1684 1238 1996 1303 argentaria,

161 1355 163 1357 ,
212 1304 502 1373 suamque,
548 1324 650 1374 qua
689 1307 889 1375 duplex
926 1307 1033 1355 hoc
1076 1305 1287 1356 facinus
1325 1303 1589 1366 effecerit,
1643 1305 1995 1358 calliditatem

214 1377 467 1429 laudibus
512 1378 577 1427 ad
613 1379 825 1429 coelum
862 1377 1286 1447 gratulabundus
1318 1375 1486 1428 effert.
1527 1408 1598 1418 --
1654 1396 1695 1430 ι.
1733 1379 1873 1428 hunc
1901 1381 1998 1429 Izo·

215 1450 405 1499 minem
450 1466 539 1498 me
585 1478 655 1487 -
703 1451 856 1500 dccet
904 1468 1039 1499 auro
1089 1448 1328 1513 expendi
1376 1464 1491 1498 non
1536 1465 1687 1500 carus
1743 1448 1814 1498 est
1868 1466 2000 1502 auro

215 1531 418 1570 contra.
456 1519 615 1591 Epid.
645 1538 690 1580 3.
718 1539 763 1580 3.
789 1538 870 1581 30.
904 1547 975 1558 -·-
1009 1538 1054 1580 3.
1090 1518 1406 1593 ludificatus
1444 1519 1702 1590 deceptus
1724 1518 1814 1593 est.
1882 1520 2002 1572 Sae-

215 1591 342 1662 pius
389 1589 498 1640 fere
543 1591 764 1643 Plautus
809 1591 988 1640 actiuo
1036 1590 1262 1665 ludifico
1307 1593 1533 1660 eiusque
1569 1590 1772 1659 pasfiuo
1812 1594 2002 1652 vtitur,

217 1674 383 1731 quam
435 1661 734 1728 deponenti
778 1661 1032 1736 ludificor
1077 1691 1149 1704 --
1195 1679 1243 1723 7.
1283 1661 1587 1721 Parmeno,
1648 1666 1819 1732 Syrus
1871 1677 2001 1715 nota

216 1734 442 1783 nomina
491 1730 763 1784 seruorum
815 1734 1151 1791 comicorum
1193 1761 1264 1773 ·--
1316 1738 1362 1783 8.
1406 1731 1505 1804 nfi
1553 1737 1646 1802 qui
1692 1751 1805 1785 non
1842 1764 1914 1775 --
1950 1751 2000 1799 9.

218 1804 376 1856 multi
416 1814 611 1870 potens
649 1815 842 1871 pectus
891 1806 1068 1857 omnis
1112 1803 1325 1874 generis
1369 1803 1704 1857 fallaciarum
1745 1821 1906 1874 capax
1933 1834 2005 1844 --

217 1877 496 1941 Izarpaget
539 1877 659 1929 Aul.
690 1895 733 1928 2.
763 1895 808 1926 2.
840 1892 917 1939 24.
973 1877 1105 1926 mila·
1146 1877 1519 1941 harpagatum
1561 1875 1876 1945 subreptum
1911 1875 2001 1950 cst*-

216 1947 408 1999 Pseud.
428 1944 475 2004 ά.
508 1964 550 1998 2.
583 1966 625 1997 2.
662 1949 1001 2013 Izarpagazeic.
1021 1976 1095 1987 -—
1139 1965 1212 2007 13.
1234 1957 1524 2015 ‘Utcumque
1551 1946 1730 2022 rcsfit
1758 1961 1858 1997 etc.
1892 1949 2004 1996 ani·

218 2014 374 2070 m'um
401 2019 595 2073 habeat
628 2017 875 2070 fortunae
912 2030 1098 2087 aptum
1124 2047 1194 2059 --
1231 2035 1305 2081 ις.
1335 2019 1563 2070 Herculi
1596 2018 2006 2071 consecrabatur

222 2090 433 2141 decima
461 2091 687 2159 praedae
718 2094 853 2158 pars,
890 2106 1053 2158 quare
1081 2090 1245 2141 Truc.
1274 2108 1318 2140 2.
1342 2108 1393 2148 7.
1416 2108 1433 2139 1
1451 2109 1493 2140 1.
1534 2092 1778 2160 quinque
1803 2106 2004 2144 numos

221 2162 362 2213 mihi
399 2160 602 2212 detraxi
639 2173 855 2228 partem
887 2162 1283 2215 Herculaneum
1321 2177 1431 2230 quo
1464 2164 1523 2211 in
1554 2164 1676 2212 loco
1707 2181 1900 2214 numus
1935 2160 2007 2210 est

224 2232 627 2292 didrachmum,
687 2232 898 2284 decima
947 2235 1130 2286 minae
1182 2249 1304 2302 pars
1361 2262 1433 2274 -·-
1498 2251 1578 2286 21.
1618 2236 1781 2283 nimio
1832 2234 2003 2286 multo

221 2305 398 2357 minus
435 2320 597 2371 quam
636 2322 852 2368 parum,
890 2305 1032 2357 nihil
1056 2332 1125 2341 --
1167 2321 1245 2366 ²4·
1282 2305 1534 2370 digitulis
1568 2305 1779 2356 duobus
1801 2307 2006 2370 primo-

225 2374 376 2426 ribus
429 2376 687 2444 exiguum
737 2377 903 2427 modo
947 2374 1091 2427 sumi
1127 2372 1325 2444 potest,
1380 2377 1524 2445 quasi
1567 2380 1626 2426 in
1660 2374 2007 2429 sacrificando

223 2447 420 2502 thuris,
458 2459 551 2500 aut
577 2444 721 2515 apud
750 2460 859 2499 nos*
883 2447 1126 2516 pulueris
1151 2445 1510 2499 sternutatorii
1532 2477 1604 2485 -—
1640 2465 1720 2508 ²5·
1747 2447 2011 2499 eiusmodi

224 2516 571 2585 iungendum
622 2516 693 2570 est
738 2535 860 2574 cum
892 2518 1136 2584 tempus,
1193 2528 1340 2567 tanta
1385 2518 1761 2591 obportunitas
1799 2547 1871 2560 -.-—-
1927 2518 2007 2571 26.

226 2590 394 2641 inmcr
417 2605 432 2636 1
462 2590 506 2641 ci
544 2606 771 2645 manum
809 2591 868 2642 in
908 2605 1108 2644 numos
1145 2605 1333 2644 aureos
1367 2618 1438 2628 —-
1494 2607 1575 2654 ²9·
1618 2609 1731 2640 cum
1766 2599 2009 2638 ramento

147 2715 153 2723 ς
225 2676 296 2710 ne
333 2659 424 2712 sco
465 2678 550 2714 ern
579 2661 802 2734 quidem
834 2663 950 2714 auri
972 2661 1173 2715 retinui
1195 2691 1268 2702 -—
1303 2678 1324 2720 3
1336 2678 1383 2722 3.
1406 2662 1546 2714 male
1581 2680 1662 2710 me
1693 2655 2011 2736 confialniffe

218 2731 335 2786 vid.
375 2729 529 2803 supra
561 2750 606 2793 3.
632 2733 679 2784 6.
708 2734 788 2793 36.
826 2765 897 2775 --
934 2749 1019 2795 42.
1051 2733 1373 2799 conglutino.
1403 2729 1603 2784 consue
1643 2731 1795 2786 dolos
1821 2760 1893 2787 -τ
1920 2731 2005 2788 46·

228 2816 299 2854 ne
336 2803 444 2858 hoc
475 2805 702 2874 quidem
735 2805 999 2863 crederet,
1039 2805 1074 2858 fi
1118 2819 1356 2861 orarem,
1396 2816 1459 2856 vt
1485 2804 1625 2855 mihi
1661 2804 1802 2854 nihil
1833 2801 2010 2850 crede·

227 2887 312 2926 ret
342 2903 413 2917 w·—
466 2893 547 2937 ςο.
586 2877 947 2945 nequidquam
982 2876 1193 2942 inpune>
1227 2903 1298 2915 ——
1344 2891 1421 2936 53.
1466 2869 1732 2949 Chrysalo
1777 2869 1878 2951 effe
1915 2891 2008 2923 no·

229 2963 346 3000 men
382 2962 410 2996 a
447 2945 639 3013 χρυσός
676 2959 729 2998 et
767 2947 962 3003 οξλίσκω
1002 2949 1100 3016 qui
1138 2962 1331 2998 aurum
1372 2947 1519 3014 capit
1554 2947 1624 2985 -ὲ
1676 2947 1753 3003 ς6.
1790 2945 2012 3015 placide

229 3017 338 3070 fine
394 3015 753 3073 festinatione.
853 3018 1166 3088 Obponitur
1216 3016 1288 3084 τῷ
1337 3026 1573 3082 propere
1615 3015 1734 3068 Mil.
1770 3035 1814 3068 z.
1848 3033 1891 3064 2.
1922 3016 2007 3073 65.

227 3103 467 3154 propere
503 3089 638 3145 hoc,
693 3105 806 3141 non
838 3090 1063 3156 placide
1102 3088 1257 3138 decet
1288 3116 1359 3129 ---
1394 3088 1477 3138 61..
1519 3082 1687 3164 capso
1725 3102 1917 3156 cepero
1940 3102 2012 3126 -’--

232 3161 424 3213 amicis
470 3159 537 3210 ad
584 3161 784 3211 amicas
822 3190 894 3203 ---
937 3163 1022 3214 62.
1057 3177 1157 3229 pro
1178 3154 1287 3238 sed
1324 3159 1411 3209 cui
1449 3174 1575 3210 cum
1621 3158 1876 3227 Scioppio
1915 3171 2010 3224 po-

219 3232 480 3288 nendum
511 3228 870 3303 putauistcut
904 3232 941 3281 i.
967 3241 1012 3283 e.
1059 3247 1164 3299 qua
1207 3231 1294 3298 spe
1329 3247 1380 3282 V.
1403 3245 1461 3289 41
1489 3228 1565 3298 sq.
1605 3227 1786 3278 iuffisti
1822 3243 1909 3278 me
1943 3226 2011 3273 al,

230 3316 398 3357 teram
440 3302 506 3357 ad
542 3299 726 3356 senem
763 3300 940 3358 facere
981 3303 1128 3357 viam
1161 3331 1233 3343 -·-
1272 3302 1355 3366 64.
1376 3298 1574 3379 stilum
1617 3316 1727 3375 quo
1769 3309 2012 3354 exaretur
