2144 3554
183 179 304 233 204
814 179 886 222 m
950 178 1340 223 nAccnmvm

180 318 264 366 60.
305 314 446 390 <fine
494 314 624 364 fitne
677 312 752 362 ibi
788 342 859 351 --
893 314 978 375 64.
1021 314 1114 363 ille
1144 315 1301 365 miles
1347 327 1562 368 amotus
1605 315 1681 390 est
1716 319 1856 371 >abiit
1886 352 1958 363 --
2019 367 2030 370 t

159 385 287 462 fine
319 407 396 436 me
423 396 524 435 etc.
571 383 940 453 iungendum:
983 386 1128 442 here,
1157 403 1268 455 ,ego
1303 400 1355 437 te
1388 405 1492 456 per‘
1516 388 1648 438 deos
1682 407 1795 450 oro,
1822 393 1954 451 fine,

178 475 268 507 me
303 459 380 507 ire
414 460 524 507 huc
553 457 695 506 intro
733 454 799 504 ad
834 454 1010 503 filium
1049 468 1203 506 tuum
1231 488 1303 496 —
1330 477 1412 519 71.
1443 459 1746 529 perstringit
1779 461 1958 514 forsan

176 521 418 580 fabulam
459 529 723 596 aliquam,
773 527 831 573 in
875 542 980 594 qua
1024 528 1332 579 Demetrius
1374 531 1570 601 aliquis
1613 533 1674 579 in
1719 532 1959 584 Cliniam

178 618 370 670 quem,
422 598 487 648 ad
527 598 823 647 satietatem
862 595 1223 664 spectatorum
1269 619 1470 669 vasque,
1520 602 1696 653 fuerat
1738 605 1956 654 maledi-

178 689 275 722 cus
310 701 381 709 -
415 670 528 721 Cur
555 685 685 719 vero
721 669 1002 718 intrauerit
1038 669 1104 718 ad
1135 671 1545 732 Mnesilochum,
1581 674 1710 723 vide
1737 693 1852 738 4.4.
1877 693 1954 737 57.

176 745 275 793 hoc
322 740 414 791 vbi
453 751 566 790 erat
614 751 825 796 actum,
880 752 941 789 vt
984 741 1140 790 miles
1177 743 1569 802 absolueretur,
1626 747 1775 795 nunc
1823 749 1958 797 icuc

176 827 395 865 acturus
432 823 560 870 erat,
601 825 660 862 vt
694 812 983 868 inueniret,
1014 813 1163 880 quod
1197 829 1335 880 opus
1373 814 1497 866 effet
1530 816 1598 864 ad
1624 815 1865 866 sumtum
1886 846 1958 858 --

178 903 262 948 7²·
297 883 411 933 vid.
449 873 588 934 Pers.
621 901 660 932 1.
696 898 733 930 ι.
768 898 844 930 11.
886 910 956 920 --
999 898 1082 942 73.
1119 885 1307 950 lippus
1359 885 1459 936 effe
1502 903 1666 937 nemo
1712 891 1958 958 cupit—-

178 973 264 1017 74.
301 956 397 1026 qni
430 970 562 1004 vero
596 954 779 1021 lippus
812 951 898 1009 est,
939 969 1054 1001 non
1093 957 1346 1013 abstinet,
1385 958 1523 1026 quin
1559 958 1800 1029 adtingat
1835 975 1957 1011 ocu-

175 1028 284 1083 los,
339 1025 405 1074 ad
444 1024 620 1076 sordes
667 1023 1063 1092 abstergendas.
1156 1025 1248 1077 Sic
1295 1024 1584 1092 Chrysalus
1638 1028 1708 1078 est
1755 1029 1955 1090 seruus,

177 1100 392 1169 qualem
435 1113 599 1146 nemo
643 1096 879 1164 optabit,
920 1107 973 1144 at
1017 1112 1084 1145 ne
1125 1114 1230 1148 ueo
1267 1109 1448 1148 tamen
1487 1101 1782 1158 abstinere,
1821 1105 1955 1170 quin

177 1183 338 1238 opera
380 1171 496 1234 eius
530 1181 647 1237 vtar
683 1195 754 1204 --
794 1184 820 1225 7
834 1185 875 1227 ς.
903 1161 1042 1239 fors
1059 1114 1311 1241 Jssortzma
1358 1172 1704 1239 gubernatrix
1747 1188 1954 1232 eorum,

174 1250 314 1308 quae
346 1240 595 1310 prospere
627 1240 910 1295 eueniunt,
944 1254 1080 1306 quae
1114 1241 1222 1290 fine
1256 1241 1494 1292 humana
1537 1260 1684 1302 cura,
1722 1246 1957 1294 maxima

174 1311 267 1371 sua
303 1329 455 1369 cura,
486 1309 610 1361 sola
652 1320 883 1366 euentus
932 1309 1021 1359 dat
1072 1323 1370 1382 exoptatos.
1425 1311 1535 1363 vid.
1577 1314 1699 1366 Ter.
1733 1316 1954 1366 Phorm.

174 1401 224 1446 4.
251 1385 298 1432 6.
330 1401 391 1443 30
419 1394 472 1433 et
508 1400 588 1443 34.
620 1393 682 1431 ‚et
700 1382 814 1431 Act.
842 1397 883 1433 ς.
921 1379 989 1430 sc.
1013 1399 1060 1438 7.
1095 1401 1148 1433 v.
1177 1402 1217 1432 1.
1244 1402 1288 1434 2.
1363 1385 1512 1434 Forti
1536 1385 1807 1437 Fortunae
1841 1388 1957 1437 Ser-

171 1458 296 1505 vius
333 1454 548 1503 Tullius
582 1452 789 1508 fanum,
828 1450 1127 1502 fecundum
1160 1455 1426 1514 Tiberim,
1469 1467 1612 1505 extra
1644 1457 1832 1508 vrbem
1868 1458 1955 1508 de-

173 1527 406 1581 dicauit,
460 1537 514 1573 et
562 1523 831 1573 Carvilius
877 1521 1038 1573 cons.
1083 1525 1206 1575 Liv.
1235 1541 1313 1576 10.
1336 1529 1422 1590 46.
1461 1527 1626 1578 aliud.
1709 1531 1792 1580 De
1828 1527 1956 1582 festo

173 1600 290 1647 eius
332 1596 493 1648 ovid.
525 1594 655 1644 Fast.
680 1596 729 1644 6.
771 1612 824 1652 v.
846 1611 941 1656 773
970 1593 1043 1663 sq.

483 1737 571 1788 IN
639 1735 912 1787 ACTVS
973 1739 1071 1787 IV.
1146 1736 1490 1788 SCENAM
1544 1741 1645 1790 IX.

276 1825 320 1859 1.
351 1811 603 1866 Atridas,
655 1808 805 1858 Atrei
842 1823 956 1856 non
1009 1807 1177 1865 filine,
1238 1807 1329 1858 sed
1381 1828 1443 1860 ex
1481 1809 1748 1862 Plisthene
1794 1809 1954 1863 fratre

167 1891 423 1950 nepotes,
487 1881 952 1948 Agamemnonem
1005 1894 1057 1930 et
1091 1879 1435 1952 Menelaum,
1484 1899 1647 1933 nemo
1685 1881 1855 1934 nescit
1883 1913 1955 1922 ——

172 1971 218 2002 2.
250 1955 573 2019 Pergamum
609 1952 848 2001 vfitatius
878 1951 936 1998 in
966 1953 1107 2020 plur.
1140 1954 1428 2018 Pergama,
1470 1970 1589 2003 eam
1613 1954 1813 2005 Troiae
1836 1972 1953 2021 par·

166 2021 296 2082 tem,
325 2025 382 2072 in
408 2041 512 2092 qua
538 2039 628 2073 arx
655 2034 783 2081 erat,
805 2038 901 2091 pro
917 2023 1080 2073 Troia
1107 2020 1302 2092 ipsa—
1338 2041 1386 2086 4.
1410 2026 1679 2075 millenum
1705 2028 1952 2084 nauium,

165 2112 263 2162 pro
302 2095 679 2152 millenarum,
720 2105 774 2142 et
805 2095 941 2144 hoc:
978 2095 1131 2155 mille
1167 2094 1419 2154 nauibus,
1450 2097 1485 2146 i.
1504 2114 1551 2146 e.
1605 2096 1754 2146 claffe
1782 2099 1950 2147 maxi·

165 2185 253 2216 ma
282 2196 354 2207 ·-—
419 2184 460 2225 ς.
493 2184 602 2216 non
636 2165 858 2215 Pelides
903 2176 1166 2216 termento
1199 2158 1320 2236 fuit
1350 2167 1587 2217 Achilles
1623 2169 1761 2219 nulli
1794 2168 1951 2219 detri-

165 2249 353 2287 mento
401 2237 509 2286 fuit
540 2238 753 2293 Troiae,
789 2247 991 2301 praeut
1018 2251 1120 2287 etc.
1158 2237 1384 2287 Achillis
1437 2239 1494 2288 in
1541 2239 1701 2290 bello.
1734 2241 1949 2290 troiano

166 2326 329 2377 opera
367 2307 475 2358 fuit
519 2309 686 2365 nulla,
723 2309 756 2357 fi
790 2322 1286 2377 comparetur-cum
1314 2326 1434 2359 mea
1464 2325 1645 2378 opera,
1673 2313 1730 2360 in
1761 2322 1950 2363 etc.—

167 2386 216 2431 8.
254 2377 548 2430 lamentari
595 2379 706 2430 ioci
745 2377 900 2429 causa
945 2394 1253 2449 comparare
1291 2380 1486 2431 Troiae
1545 2381 1793 2452 senisque
1836 2384 1950 2433 mei

167 2450 363 2503 damna
397 2481 468 2493 --
517 2467 594 2501 11.
622 2468 718 2516 pro
754 2447 1072 2523 obsignatas
1107 2451 1214 2520 legi
1248 2452 1482 2509 mallem,
1524 2454 1766 2524 intelligo
1805 2467 1950 2505 certe

165 2523 467 2588 obligatas,
505 2535 567 2572 vt
598 2521 978 2573 discernantur
1003 2525 1068 2573 ab
1093 2519 1421 2594 corfignatis
1447 2553 1519 2562 —-
1564 2526 1669 2575 lzas
1693 2526 1947 2585 tabellas,

163 2613 303 2663 quas
327 2588 492 2667 fera,
530 2592 670 2673 ficut
711 2610 810 2659 pro
854 2596 958 2642 hae
1004 2590 1237 2646 tabellae
1283 2606 1343 2642 vt
1382 2595 1527 2664 apud
1555 2597 1699 2666 Virg.
1740 2597 1944 2654 vrbem,

162 2684 321 2735 quam
351 2664 545 2724 statuo,
585 2663 747 2728 vestra
778 2661 866 2738 (ss.
892 2695 964 2704 -—-
997 2683 1074 2715 12.
1100 2665 1320 2733 Equum
1349 2668 1620 2717 troianum
1647 2666 1946 2736 Aristopha-

163 2753 259 2787 nes
292 2738 364 2786 sin
400 2737 606 2786 Auibus
638 2737 856 2785 iob-atur
893 2747 1114 2798 centum
1154 2737 1406 2786 vlnarum
1442 2736 1624 2795 fuiffe,
1676 2740 1734 2790 in
1771 2754 1946 2807 eoque

164 2809 256 2857 alii
291 2819 371 2856 ter
406 2808 585 2866 mine,
636 2809 731 2857 alii
768 2808 1111 2857 verifimilius
1147 2808 1205 2871 (fi
1242 2808 1466 2876 quidem
1503 2810 1562 2858 in
1603 2806 1783 2860 fabula
1825 2811 1946 2859 veri

161 2879 298 2948 quid
345 2879 513 2928 [imile
561 2875 661 2927 ess'e
711 2877 901 2944 potest)
956 2879 1156 2948 viginti
1203 2889 1309 2928 tres
1347 2879 1536 2931 heroas
1581 2880 1785 2931 latuiffe
1824 2897 1942 2931 nar-

160 2963 281 3003 rant
324 2980 395 2992 --—
469 2950 765 3016 ιςηΕρίιωκ
812 2947 906 2999 seu
946 2953 1155 3016 Epeus,
1204 2947 1492 3005 fabrIcator
1526 2953 1668 3023 equi
1723 2953 1942 3011 troiani,

161 3021 234 3073 est.
253 3020 589 3078 Pistoclerus,
627 3021 694 3070 ab
723 3038 781 3069 eo
808 3022 954 3070 enim
983 3023 1118 3071 haec
1150 3023 1310 3074 altera
1341 3020 1574 3089 epistola,
1602 3038 1766 3091 quam
1793 3039 1943 3074 nunc

159 3092 304 3149 fero,
348 3093 414 3142 de
459 3093 636 3143 alteris
678 3091 927 3142 ducentis
962 3093 1290 3161 Philippeia,
1316 3086 1509 3168 sumta
1545 3091 1739 3163 scripta
1777 3093 1941 3144 est—

171 3166 357 3221 Sinon,
385 3165 540 3214 cuius
575 3160 762 3212 fraude
781 3164 1065 3221 Troianos,
1093 3177 1171 3218 vt,
1198 3166 1370 3214 muris
1405 3162 1619 3222 dirutis,
1646 3172 1846 3234 equum
1879 3167 1938 3214 in

161 3236 352 3287 vrbem
378 3235 760 3303 pertraherent,
793 3245 1071 3302 permotos
1101 3233 1202 3283 effe
1233 3232 1449 3286 constat.
1487 3236 1634 3304 Virg.
1652 3236 1784 3287 Aen.
1809 3254 1939 3286 ².--—

165 3324 243 3377 ¹4·
276 3307 499 3362 relictus
528 3304 627 3359 ess‘e
654 3304 984 3364 credebatur,
1018 3308 1243 3360 latuerat
1271 3318 1451 3359 autem
1484 3307 1539 3356 in
1576 3305 1729 3382 busto
1757 3307 1943 3362 Achil-¹
