2144 3554
291 196 408 252 340
995 192 1064 240 m
1124 169 1358 241 neusin

291 352 372 398 57.
411 331 615 391 seruus,
654 330 862 381 ironice
892 329 1135 399 quidem,
1177 342 1402 382 vocatur
1441 333 1682 389 columen
1697 329 1963 407 familiae
1994 371 2060 388 .,..

291 424 371 465 17.
397 416 464 456 vt
493 419 645 472 queo·
696 402 822 451 Ter.
848 401 1012 451 Andr.
1039 419 1088 463 4.
1107 404 1257 452 6.-10.
1283 414 1349 454 vt
1372 406 1795 473 quinms,·aiunt‚
1825 413 2061 476 quando,

284 488 351 529 vt
383 477 655 531 volumus,
708 491 817 523 non
864 472 991 523 licet
1030 500 1102 511 --
1162 488 1236 536 ¹9.
1275 477 1435 525 nimis
1508 477 1644 532 culte
1688 481 1878 529 amicis
1908 492 2062 531 vtem

283 546 458 600 nescis
489 545 677 596 amicis
706 545 786 592 vti
826 572 897 581 —-
940 562 1016 592 20.
1048 537 1269 609 visitani
1306 546 1415 596 vid.
1485 564 1619 598 ure.
1644 565 1688 597 2.
1711 565 1755 608 3.
1777 551 1860 612 64.
1898 552 2057 619 Epid„

284 637 335 682 4.
359 637 399 670 1.
427 636 478 669 ιι
513 629 566 667 et
600 631 659 677 ²4
683 627 784 687 ete.
823 643 897 653 --
944 631 1023 664 ιι.
1053 609 1294 685 ferreum
1333 611 1571 692 fortaſji·
1609 621 1894 687 negotium
1935 622 2060 673 fuit.

281 688 439 741 Most.
465 706 503 738 ι.
531 707 572 739 ι.
597 691 674 736 18.
707 704 877 752 genus
896 680 1168 756 ferratile
1199 701 1462 740 vocantur
1494 689 1761 758 compede
1793 693 1968 747 vincti
2002 695 2061 744 in'

280 760 567 832 pistrinum
616 769 710 806 aut
755 755 823 806 ad
849 772 997 824 opus
1037 755 1294 806 rusticum
1341 759 1470 814 dati.
1512 789 1585 798 —
1619 761 1924 827 plusculum
1967 766 2060 813 am

281 841 477 902 putant
513 829 833 880 aduerbium
874 825 974 877 effe
1014 829 1143 892 plus
1175 846 1338 896 quam
1374 848 1571 880 annum
1590 832 1691 896 ,alii
1725 832 2061 884 adiectiuum

281 904 534 953 maiorem
569 910 782 966 partem
819 900 952 948 anni
979 927 1052 936 —--
1092 916 1171 948 τι.
1206 893 1593 971 prafferratus
1622 903 1774 968 apud
1795 904 1968 954 molas
2000 907 2060 955 iu

278 972 503 1043 pistrino
539 974 760 1021 vinctus
793 969 1043 1019 tribunus
1066 971 1360 1032 vapularis
1395 971 1489 1021 vbi
1518 990 1641 1040 prae
1674 977 1866 1024 ceteris
1894 993 2059 1042 vapu-

278 1046 454 1095 labam
479 1071 551 1082 —-
592 1043 670 1092 26.
719 1042 902 1091 Titani
933 1041 1059 1090 alias
1112 1042 1332 1091 Titanes
1371 1042 1439 1093 de
1481 1044 1680 1112 quibus
1718 1044 1900 1094 fabula
1937 1043 2059 1097 fatis

277 1130 406 1166 nota
436 1113 506 1166 est
530 1142 602 1153 --
640 1130 718 1174 27.
752 1112 944 1179 quibus
962 1105 1068 1187 sat
1101 1130 1197 1181 par
1237 1109 1338 1187 effe
1370 1132 1622 1181 nequeam
1658 1131 1895 1182 quorum
1930 1117 2059 1167 {uffa

274 1204 391 1239 uon
412 1185 672 1255 capessere
699 1200 893 1252 queam
912 1200 983 1222 ·--
1010 1188 1091 1233 28.
1111 1183 1323 1233 vlmeae
1343 1185 1668 1251 catapultae
1681 1199 1782 1237 etc.
1805 1203 1876 1236 ne
1894 1189 2061 1256 virgis

275 1258 527 1315 caedatur
549 1257 685 1306 latus
708 1267 866 1304 tuum
892 1282 963 1293 --
1001 1269 1080 1316 ²9·
1115 1254 1408 1305 eleutheria
1435 1259 1590 1321 agito
1619 1254 1858 1308 solennia
1883 1260 1943 1307 in
1965 1261 2062 1308 ho-

275 1346 464 1380 norem
479 1328 623 1377 Iovis
645 1326 968 1385 Eleutherii,
1004 1325 1040 1374 i.
1068 1340 1114 1373 e.
1149 1326 1256 1374 iam
1291 1327 1538 1377 libertate
1564 1326 1730 1386 fruor,
1771 1330 1903 1380 hero
1944 1348 2062 1398 per·

275 1419 400 1472 egre
426 1400 754 1468 profecto-—
783 1414 859 1456 3²·
873 1391 1142 1471 scapulae
1163 1399 1421 1461 pruriunt
1446 1398 1554 1448 vid.
1571 1400 1737 1449 Poen.
1765 1417 1806 1458 5.
1831 1419 1871 1457 ς.
1898 1405 1972 1457 56.
1989 1429 2060 1438 -—

280 1491 362 1536 34.
388 1473 523 1520 haec
562 1465 680 1519 die&
701 1462 917 1543 summa
955 1466 1117 1514 hodie
1162 1464 1235 1538 est
1272 1468 1380 1519 hoc
1414 1469 1504 1518 die
1539 1486 1624 1533 res
1652 1472 1710 1518 in
1741 1471 2058 1521 discrimine

275 1541 515 1594 versatur
548 1568 619 1578 -
660 1557 739 1597 37.
773 1553 957 1586 numos
979 1531 1293 1611 sexcentos.
1336 1557 1547 1597 numus,
1586 1542 1680 1588 nisi
1720 1540 1966 1591 additum
2002 1544 2059 1590 fit

191 1677 193 1679 ι
275 1631 500 1670 aureus,
559 1608 706 1677 apud
745 1610 1000 1659 Plautum
1034 1608 1253 1676 putatur
1284 1608 1385 1659 effe
1423 1609 1768 1669 didrachma,
1819 1612 1910 1662 seu
1949 1612 2059 1662 duo

272 1684 507 1741 denarii,
571 1697 804 1751 quorum
858 1679 1205 1730 denariorum
1245 1677 1357 1730 seu
1409 1681 1787 1732 drachmarum
1834 1697 2057 1734 centum

271 1768 505 1825 aequant
536 1755 743 1803 minam
779 1750 1001 1820 argenti.
1075 1750 1330 1800 Sexcenti
1371 1751 1539 1820 igitur
1571 1755 1729 1813 numi
1777 1750 1868 1802 seu
1910 1756 2058 1804 mille

272 1829 538 1878 ducentae
584 1824 869 1874 drachmae
920 1818 1042 1871 funt
1079 1820 1372 1872 duodecim
1405 1824 1586 1883 minae
1622 1822 1834 1891 -—'-‘pr0
1872 1828 2057 1891 capite

268 1901 536 1973 libertate,
576 1906 636 1945 vt
658 1892 850 1944 Pseud.
877 1910 917 1942 1.
941 1909 1086 1954 2·4²·
1133 1893 1301 1943 Poen.
1324 1911 1368 1953 3.
1396 1912 1434 1943 ι.
1463 1896 1536 1943 ι6.
1571 1922 1644 1932 —-
1686 1901 1766 1953 ,38-
1795 1914 2053 1961 reponam

267 1969 507 2024 reddam,
535 1965 829 2035 rependam
862 1991 933 2001 --
976 1979 1055 2025 39.
1086 1961 1207 2013 edd.
1238 1975 1367 2014 vett.
1394 1961 1609 2037 agesis,
1644 1964 1907 2032 benignus
1924 1961 2054 2042 suh-

268 2043 412 2092 veni.
467 2039 739 2089 Camerar.
764 2035 994 2100 reperit:
1032 2050 1151 2099 age,
1163 2032 1219 2109 fi
1244 2035 1521 2099 benignus,
1541 2030 1780 2107 subnecti.
1829 2038 2052 2088 Pareus:

270 2132 389 2179 age,
394 2107 452 2184 fi
474 2110 752 2174 benignus,
767 2101 1084 2182 subueni-
1110 2123 1193 2167 41.
1214 2101 1431 2179 poteffit
1451 2109 1673 2174 antique
1694 2123 1791 2175 pro
1811 2104 2057 2182 poffit—

269 2201 356 2245 4²·
381 2198 577 2250 aquam
608 2197 643 2228 a
673 2180 883 2245 pumice
910 2176 1025 2240 (alii
1057 2194 1084 2225 e
1110 2179 1340 2243 pumice)
1378 2176 1594 2246 poscere
1621 2179 1686 2227 ab
1714 2173 1912 2246 aliqui),
1942 2197 2052 2249 qno

268 2256 359 2304 ille
383 2265 523 2305 caret
544 2248 672 2320 ipse.
713 2246 909 2298 Pseud.
939 2264 978 2297 ι.
1007 2264 1047 2297 ι.
1067 2264 1148 2307 73.
1187 2248 1301 2298 Aul.
1327 2267 1368 2307 g.
1392 2267 1437 2310 4.
1466 2256 1540 2299 18.
1559 2244 1630 2286 ’-
1655 2250 1738 2309 46.
1761 2269 1856 2318 pro
1878 2253 2050 2302 habeo

267 2327 460 2376 Douza
500 2338 623 2372 cum
657 2317 818 2369 Paris.
848 2318 965 2369 Ald.
1011 2329 1064 2367 et
1098 2318 1248 2370 Bam.
1292 2320 1423 2388 legit
1460 2319 1647 2379 habes,
1693 2320 1841 2388 quod
1868 2321 2051 2373 sensus

269 2396 487 2447 videtur
512 2393 784 2461 requirere
817 2418 887 2427 —
922 2389 1088 2439 habes
1110 2391 1164 2439 in
1189 2392 1388 2440 mundo
1414 2390 1582 2441 domi.
1656 2391 1816 2459 Epid.
1842 2411 1883 2450 ς.
1907 2412 1948 2445 1.
1974 2411 1990 2442 1
2007 2413 2049 2443 2.

271 2465 386 2518 Cas.
410 2485 454 2527 3.
475 2484 520 2525 3.
542 2483 586 2524 3.
612 2491 688 2506 -.
710 2477 791 2521 49.
818 2454 1032 2533 obsecro
1053 2471 1124 2518 te,
1151 2454 1355 2535 resecro
1378 2478 1508 2528 pro:
1540 2460 1879 2522 redobsecfo,
1905 2461 2050 2515 obse-

268 2554 356 2590 cro
383 2540 687 2603 iterumque
709 2530 944 2582 obsecrO.
991 2531 1209 2581 Siberus
1227 2558 1304 2596 ·—-
1329 2533 1455 2581 odio
1486 2551 1582 2588 me
1600 2534 1783 2583 enicas
1805 2534 2056 2586 molestae

269 2611 411 2660 mihi
450 2606 574 2658 sunt
612 2618 798 2673 preces
852 2615 993 2660 tuae,
1043 2604 1158 2671 qui,
1220 2603 1255 2651 fi
1288 2614 1477 2671 potero
1525 2603 1712 2662 modo,
1757 2616 1809 2656 te
1862 2608 2055 2657 iuuare

271 2683 436 2750 cupio
470 2706 541 2717 —-
580 2693 657 2737 51.
690 2677 868 2724 iamne
897 2672 1058 2723 abis?
1101 2674 1326 2723 Toxilus
1362 2674 1568 2725 diutius
1605 2675 1785 2727 adhuc
1817 2691 1963 2727 orare
1998 2689 2053 2728 ct

268 2768 494 2802 monere
529 2763 657 2797 eum
694 2746 863 2812 cupit.
905 2741 1021 2805 sed,
1073 2743 1223 2812 quod
1268 2745 1374 2796 hoc
1413 2743 1694 2795 molestum
1735 2749 1786 2795 ei
1820 2747 1919 2797 ess'e
1957 2767 2048 2798 au-

272 2824 498 2877 diuerat,
546 2816 724 2888 pergit
767 2814 926 2865 bene!
970 2814 1270 2872 ambulato,
1305 2810 1413 2891 sed
1452 2819 1631 2881 recipe
1657 2827 1758 2867 etc,
1845 2819 2047 2869 Abieng

271 2892 550 2962 Sagaristio
581 2890 800 2938 clamat:
841 2879 1131 2956 cauefuas
1164 2886 1295 2935 mihi
1320 2889 1375 2936 in
1411 2885 1724 2961 quaestione
1757 2886 1789 2936 fi
1815 2889 2047 2948 rediero,

269 2965 306 3015 i.
339 2980 385 3015 e.
415 2980 486 3013 ne
524 2959 865 3031 quaerendus
895 2956 1036 3007 mihi
1070 2955 1148 3007 fis.
1183 2955 1295 3006 vid.
1334 2957 1489 3027 Capt.
1513 2975 1688 3019 ²0²·3·
1726 2984 1797 2997 --
1836 2976 1917 3023 53.
1958 2979 2047 3011 ex-

271 3050 471 3087 coxero
496 3033 533 3083 i.
557 3049 604 3083 e.
638 3032 1035 3099 excogitauem.

633 3170 714 3223 IN
779 3166 1044 3220 ACTVS
1102 3166 1162 3219 I.¹
1215 3164 1558 3218 SCENAM
1609 3166 1684 3219 11.

383 3262 427 3297 π.
478 3259 646 3294 meum
691 3242 984 3292 alimoniae
1037 3238 1105 3288 est
1155 3252 1184 3288 a
1229 3239 1539 3289 coniectura
1587 3239 1906 3298 Camerarii,
1955 3240 2049 3290 alii

263 3318 527 3369 maiorum
550 3328 779 3366 meorum
812 3336 883 3351 —-
915 3315 1257 3380 antiquus-et
1278 3320 1445 3385 vetus!
1467 3311 1630 3362 etiam
1655 3309 1811 3367 Most.
1832 3331 1878 3364 ε.
1899 3330 1943 3363 2.
1961 3330 2046 3378 45.
