2144 3554
561 172 765 221 Ac‘rvs
804 154 877 218 11.
924 169 1201 216 scamna
1236 129 1447 216 11.‘111.
1721 223 1732 228 ,
1776 177 1893 234 252

108 313 237 375 Non
264 302 537 383 comparat
567 310 762 361 herum
799 322 945 369 cum,
971 320 1162 359 natura
1201 304 1495 376 elephanti,
1531 307 1749 364 bellnae}
1775 328 1898 363 acu·

109 382 354 444 tiffimae,
391 383 481 434 sed
517 399 644 434 eum
668 395 796 451 prae
829 378 883 430 se
907 375 1045 429 ferre
1066 379 1201 431 dicit
1231 377 1469 449 speciem
1493 381 1900 451 magnitudini·

109 458 423 524 viriumque
469 464 773 512 tantarum,
840 461 1072 519 quantae
1142 452 1243 502 fint
1305 451 1446 503 inter
1508 452 1716 504 belluae
1791 456 1901 506 ele·

150 530 459 585 hantorum,
493 523 585 575 sed
619 538 826 573 meram
874 522 974 571 effe
1015 522 1159 573 hanc
1198 519 1433 593 speciem
1476 520 1729 582 alienam,
1780 543 1899 578 non

134 615 260 652 uam
295 624 365 638 -—
401 612 485 660 9ς.
524 613 682 663 quam
713 594 857 644 lacte
883 593 1020 644 lacti
1046 593 1196 646 Men.
1221 609 1332 658 5.9.
1357 611 1439 655 30.
1476 622 1547 633 —
1581 612 1665 660 97.
1695 614 1902 663 operae

113 663 222 723 non
251 667 326 744 ss
348 682 462 720 non
493 666 564 716 est
589 681 773 717 vacua.
831 663 920 715 Sic
948 663 1087 715 infra
1110 683 1156 727 3.
1178 667 1288 717 2.'6.
1322 680 1436 716 non
1465 681 1660 736 operae
1685 666 1755 718 est
1779 668 1904 719 Sce-

112 741 277 793 ledro.
351 738 513 789 Tmo.
541 755 588 799 4.
616 755 665 799 4.
694 756 775 798 3ο.
833 751 1024 805 operae
1073 737 1171 787 vbi
1216 736 1357 787 mihi
1406 737 1535 796 erit,
1591 739 1659 790 ad
1704 752 1761 789 te
1812 755 1902 790 ve·

108 823 240 864 nero
263 839 333 850 -
357 825 440 875 99.
460 825 598 895 quae
623 807 951 867 mentibitur,
983 807 1074 858 alii
1094 808 1447 868 mentibimur‚
1468 812 1812 862 mentiemur
1830 838 1904 851 --

52 936 53 941 ,
117 899 232 935 ιοο.
281 879 371 956 ssi
412 879 528 931 istic
564 874 644 920 -’
678 897 792 931 110.
826 889 1008 929 tacere
1043 898 1113 931 no
1142 892 1344 931 trorum
1367 875 1680 957 solusscio.
1754 881 1904 933 lund

109 951 406 1039 nqllrorum
440 952 668 1003 debetur
701 949 1038 1009 Camerario,
1079 954 1138 1003 in
1174 950 1291 1001 Mff.
1328 963 1442 1007 erat
1469 971 1698 1022 nequeo,
1736 967 1797 1005 ent
1841 956 1905 1003 in

48 1039 77 1081 s&
108 1027 364 1094 primitus
403 1024 535 1083 cufi·
571 1033 754 1074 tacere
775 1017 935 1099 solus
961 1016 1086 1097 scio
1132 1023 1239 1073 [ine
1280 1023 1383 1075 alia
1426 1040 1565 1075 voce
1599 1024 1778 1077 media
1830 1054 1905 1066 -

116 1113 232 1148 ιιι.
270 1096 347 1146 acl
394 1113 509 1146 eum
553 1096 750 1146 vineas
796 1092 1125 1161 pluteosque
1170 1113 1347 1162 agam.
1451 1095 1714 1166 Allegoria
1755 1114 1785 1148 a
1841 1113 1905 1147 r·

105 1168 359 1219 militari:
409 1167 666 1218 omnibus
709 1161 1016 1233 persuasum
1054 1164 1178 1224 ibo,
1217 1166 1539 1236 permutaffe
1580 1168 1905 1220 Sceledsum

101 1237 308 1291 sorore·
356 1238 499 1290 inter
534 1235 589 1287 se
618 1236 930 1307 fimiliimaa.

414 1377 502 1431 IN
534 1377 834 1431 'ACTVS
897 1379 975 1430 11.
1049 1376 1402 1431 SCENAM
1456 1380 1573 1432 111.

219 1469 266 1502 ².
299 1451 388 1502 hic
413 1468 721 1519 proxumae
742 1451 992 1501 viciniae.
1038 1449 1362 1503 Genitiuum
1387 1454 1628 1503 viciniae
1649 1465 1761 1504 non
1785 1464 1898 1502 tam

107 1523 436 1575 vt‘domiet
468 1523 743 1591 genitiuoa
779 1522 1074 1571 nominum
1108 1523 1330 1573 vrbium
1362 1523 1491 1593 [ing.
1519 1542 1536 1574 1
1578 1537 1632 1575 et
1660 1541 1683 1574 ι
1728 1524 1898 1582 decl..

107 1593 202 1646 fed
233 1595 416 1663 potius
444 1593 825 1645 aduerbialiter
855 1591 1112 1662 vfurpari,
1150 1592 1312 1646 docet
1336 1595 1460 1647 Ter.
1487 1594 1651 1646 Andr.
1676 1612 1719 1645 1.
1746 1613 1787 1647 ι.
1811 1610 1895 1659 43.

108 1666 489 1735 commigrauit
526 1665 631 1715 huc
668 1664 905 1713 viciniae
947 1690 1019 1702 —-
1059 1670 1107 1715 8.
1151 1667 1207 1716 in
1248 1669 1542 1717 cruciatum
1595 1664 1898 1739 itfiliamus

107 1738 409 1808 explicant:
440 1734 854 1796 adscendamus;
890 1750 1004 1785 non
1018 1750 1149 1786 vero
1166 1740 1336 1789 vereri
1358 1752 1583 1806 poterat,
1613 1756 1682 1789 ne
1701 1755 1897 1790 omne·

107 1807 291 1860 seruos
319 1806 441 1865 suos
477 1809 627 1859 cruci
672 1809 835 1858 herus
868 1806 1144 1876 affligeret,
1181 1807 1272 1859 sed
1302 1822 1535 1869 tantum,
1566 1822 1630 1860 vt
1661 1808 1899 1880 graniffi·

104 1896 221 1930 mas
277 1879 640 1949 negligentiae
692 1879 751 1927 in
800 1877 1148 1929 custodienda
1197 1882 1378 1950 puella
1435 1897 1639 1952 poenae
1704 1898 1899 1933 omnen

107 1950 273 2001 effent
307 1950 486 2002 daturi
520 1947 595 1990 -'
654 1965 704 2012 9.
749 1951 815 2000 ab
856 1947 1174 2023 irtfiliamus,
1227 1970 1338 2025 quo
1394 1955 1566 2005 verbo
1612 1954 1899 2005 Sceledrus

109 2028 220 2073 erat
249 2020 403 2079 vsua,
440 2036 592 2073 nunc
619 2015 942 2097 insulturam
984 2033 1039 2072 et
1073 2018 1410 2098 desulturam
1465 2025 1677 2076 comice
1721 2024 1897 2095 fingit,

16 2092 17 2098 ’
107 2109 271 2164 quam
310 2106 599 2162 Vtramque
644 2090 907 2144 conseruo
953 2094 1217 2163 relinquit
1267 2094 1384 2151 soli.
1481 2097 1709 2148 Videtur
1759 2115 1899 2149 non·

106 2165 272 2215 nullis
301 2163 556 2216 adludere
586 2162 653 2214 ad
670 2158 992 2240 desultores,
1021 2167 1134 2235 qui,
1160 2165 1375 2219 duobus
1398 2169 1601 2239 absque
1621 2168 1900 2239 ephippiis

110 2235 262 2306 equis
297 2236 527 2301 utentes,
566 2237 705 2287 mira
752 2237 1024 2290 celeritate
1066 2253 1133 2289 ex
1170 2254 1283 2289 vno
1321 2240 1629 2292 insiliebant
1669 2242 1728 2288 in
1768 2243 1900 2292 alte·

108 2317 235 2360 rum
258 2309 331 2346 -ὲ
373 2324 448 2359 11.
483 2317 603 2358 tute
624 2301 746 2383 scis
765 2302 938 2384 solite
972 2309 1090 2358 tibi.
1157 2310 1546 2362 Centractione
1586 2311 1756 2381 prisca
1774 2308 1900 2389 scis

107 2389 327 2449 putatur
355 2396 450 2448 pro
463 2373 619 2456 scias
696 2379 905 2430 ofitum.
956 2381 1357 2447 Explicandum
1386 2397 1528 2437 certe
1561 2383 1631 2433 est
1644 2379 1801 2460 scias
1824 2412 1899 2423 —-

26 2450 28 2458 '
92 2443 266 2527 solite
298 2452 598 2520 explicatur
621 2395 773 2527 ngk
816 2451 1068 2502 mallem:
1116 2466 1177 2504 vt
1204 2452 1342 2505 soles
1375 2453 1526 2513 scite,
1561 2473 1700 2525 quae
1735 2459 1898 2523 inpu-

16 2545 20 2557 ·
109 2520 413 2573 dica'domi
437 2521 642 2573 nostrae
675 2521 982 2581 nascuntur,
1018 2524 1113 2592 qui
1145 2525 1319 2578 custos
1352 2528 1738 2579 Philocomafii
1769 2543 1898 2577 con·

16 2599 21 2639 i
107 2591 322 2644 stitutus
358 2609 414 2643 es
446 2614 519 2634 -h
565 2611 643 2645 υ.
682 2611 748 2643 ne
784 2595 939 2645 dixis
971 2611 1101 2664 pro:
1141 2596 1356 2650 dixeris.
1427 2599 1711 2650 Palaestrio
1751 2601 1897 2668 cogi·

107 2665 254 2714 tabat
281 2663 445 2722 idern,
483 2666 630 2733 quod
663 2665 807 2732 apud
834 2666 1161 2717 Terentium
1198 2670 1332 2721 Hec.
1365 2687 1407 2721 ι.
1441 2689 1488 2721 2.
1513 2689 1595 2733 3ς.
1631 2672 1897 2722 Philotis:

17 2647 28 2813 ἱ
69 2736 70 2739 ’
147 2735 252 2785 uati
289 2748 350 2786 tu
379 2752 493 2785 non
528 2738 701 2786 multo
745 2738 900 2787 malis
935 2755 1168 2797 narrare,
1206 2757 1371 2810 quam
1399 2759 1503 2811 ego
1541 2740 1702 2793 scire!
1762 2743 1902 2793 Vide

18 2814 29 2858 δ
107 2752 295 2856 Poenae
327 2805 615 2876 superioris
652 2825 704 2858 v.
733 2825 824 2869 ¹07
854 2806 966 2878 sqq.
1014 2826 1177 2879 quare
1220 2813 1456 2865 vetando
1509 2830 1725 2865 narrare
1776 2817 1898 2865 eius

20 2878 22 2919 ὲ
110 2876 367 2927 narrandi¹
399 2879 757 2950 cupiditatem
792 2882 965 2950 magis
996 2882 1245 2933 incendit
1276 2913 1349 2923 -
1392 2903 1471 2946 13·
1510 2902 1588 2949 ¹4·
1627 2887 1898 2955 ambigui·

111 2939 192 2996 tiu
227 2945 400 3002 estin
433 2950 602 3000 verbo
628 2945 847 3025 sectari
855 2970 878 3012 ,·
933 2970 987 3002 v.
1016 2970 1091 3013 ¹3·
1121 2948 1251 3029 sum
1285 2950 1542 3031 sectatus
1589 2956 1688 3010 est:
1743 2957 1896 3009 aufu-

111 3019 351 3086 gientem
371 3017 648 3088 sequutus,
670 3035 729 3072 vt
750 3021 934 3073 sectari
956 3023 1194 3074 dicimus
1222 3026 1484 3096 leporem,
1502 3045 1713 3098 aprum,
1735 3047 1791 3079 v,
1815 3047 1900 3091 ¹4*

112 3101 294 3138 autem
308 3083 561 3164 sectatus
588 3111 643 3143 es
664 3091 887 3152 adsecla‚
928 3093 1225 3147 adsectator
1247 3097 1408 3160 fuisti,
1445 3116 1574 3169 ergo
1600 3113 1655 3157 te
1681 3113 1897 3170 oportet

112 3159 214 3209 effe
247 3159 530 3211 hominem
570 3164 752 3222 nihili,
789 3167 888 3234 qui
924 3165 1147 3216 bestiam
1183 3184 1422 3239 nequam
1457 3171 1684 3224 sectatus
1728 3188 1783 3223 es
1823 3197 1896 3209 —-

115 3245 196 3290 17.
231 3249 347 3280 cum
388 3233 564 3283 altero
598 3251 696 3303 pro
731 3237 861 3286 alio.
932 3237 1023 3288 Sic
1053 3239 1218 3290 Truc.
1250 3257 1292 3291 1.
1321 3260 1366 3293 2.
1396 3249 1477 3304 58.
1525 3247 1622 3312 qui
1661 3244 1892 3292 alterum

99 3298 320 3371 ,incurat
350 3328 422 3345 ··-
484 3321 564 3356 22.
599 3305 749 3363 haud
793 3307 969 3361 tollas
995 3300 1265 3382 fabulam
1307 3329 1379 3367 ne
1421 3313 1607 3368 efferas
1661 3332 1780 3367 eam
1832 3316 1894 3376 in,
