2144 3554
302 170 415 229 154
531 215 533 217 ,
975 173 1045 218 m
1105 173 1380 218 cAsmAn

287 316 342 358 ‘et
375 305 433 356 id
466 307 689 375 quidem
735 306 933 367 libens,
983 306 1131 375 quod
1169 307 1416 362 verobis
1451 306 1637 358 inserit
1678 310 1838 378 quin,
1884 310 2059 361 alieno

288 379 513 448 quidem
552 381 671 429 loco
722 378 821 435 est‘,
867 394 965 435 vt,
1007 381 1102 447 qui
1138 380 1328 429 vocula
1373 380 1549 448 aliqua
1590 379 1794 430 obfenfi
1845 381 1938 430 fibi
1981 383 2058 429 vi·
2118 412 2122 420 ι

288 449 512 508 dentur,
555 443 678 500 irati
718 449 893 499 facere
942 447 1132 498 solent.
1174 479 1247 489 —-
1298 455 1374 500 18.
1413 450 1914 520 Interpungendum
1958 450 2054 502 est:

284 536 583 588 numquam
635 520 735 569 tibi
783 519 947 570 hodie
992 522 1119 588 quin
1174 521 1277 570 erit
1320 522 1471 588 plus,
1531 539 1691 591 quam
1729 523 1895 578 mihi,
1945 523 1980 570 i.
2009 538 2054 572 e.

283 594 431 660 plura
462 607 561 660 ego
595 593 894 648 inueniam,
923 607 1071 659 quae
1091 592 1193 640 tibi
1223 592 1360 641 vitio
1391 605 1614 652 vertam,
1641 609 1807 662 quam
1827 592 2057 660 mihi-

288 675 370 723 19.
409 661 739 713 Coronidem
786 662 1022 730 denique
1060 662 1348 712 Alcefimus
1392 663 1499 714 suis
1545 666 1672 732 quin
1717 665 1844 732 quin
1900 666 2053 730 inpo-

281 734 366 783 nit
412 763 483 771 —-
542 752 622 783 22.
661 739 878 800 cumque
928 734 1031 782 lzac
1084 749 1201 782 mea
1254 750 1418 784 vxore
1473 753 1693 802 cumque
1750 733 1884 809 istat-
1940 745 2051 785 tua.

278 804 576 871 Vtrumque
614 822 714 872 que
757 821 783 852 a
827 802 982 853 codd.
1027 805 1307 854 nonnullis
1351 803 1522 863 abest,
1585 817 1638 855 et
1676 807 1912 856 recentis
1955 822 2050 872 pu-

276 884 420 924 tatur
451 874 823 930 additamenti,
855 875 1156 941 genuinum
1192 891 1323 925 vero
1357 876 1534 925 Plauti
1569 872 1668 932 effe
1704 888 1855 944 puto,
1897 876 2051 943 quod

273 958 331 995 et
391 947 735 995 commotiori
791 946 906 994 eius
961 946 1142 1007 animo
1207 947 1506 996 conuenire
1563 947 1809 1004 videtur,
1885 960 1939 996 et
1993 945 2052 997 τδ

268 1031 526 1084 cumquac
578 1013 1243 1085 cumquistaccumquarn
1294 1019 1502 1067 comice
1554 1029 1736 1067 contra
1783 1019 2048 1068 mulieres

2133 590 2144 642 ³:

2124 655 2144 795 Ξ

2063 807 2072 815 .
2118 768 2144 871 ,¹3

2120 876 2144 938 ..ς

2112 938 2144 1103 ‘3

273 1099 462 1138 coaxat
495 1116 565 1125 -
611 1105 689 1147 33.
729 1086 982 1137 sedatiori
1026 1088 1246 1137 tandem
1279 1090 1468 1157 ,animo
1506 1087 1671 1138 Alces.
1711 1088 1884 1138 addit:
1938 1088 2048 1145 abi,
2126 1106 2142 1115 ‘¹

273 1169 328 1207 et
363 1159 517 1207 aliud
555 1155 718 1207 cura!
768 1156 984 1208 securus
1018 1158 1181 1211 modo
1215 1159 1321 1218 abi,
1362 1177 1457 1226 ego
1485 1170 1585 1210 etc.
1619 1187 1691 1200 ν-
1733 1160 1812 1213 26.
1848 1159 2042 1228 iunge:

270 1247 381 1298 qua
416 1232 509 1279 aui
545 1230 580 1280 i.
607 1245 652 1278 e.
690 1245 797 1299 quo
841 1232 1042 1281 omine.
1856 1260 1858 1262 ·

578 1370 666 1419 IN
736 1364 1008 1423 AC'TVS
1057 1372 1173 1421 111.
1258 1369 1611 1420 SCENAM
1655 1371 1719 1426 Y.

368 1440 720 1491 Pardaliscam
772 1443 918 1508 apud
970 1444 1091 1492 Ter.
1131 1443 1372 1492 imitatur
1410 1443 1630 1507 Pythias
1665 1443 1805 1492 Eun.
1840 1456 1882 1499 ς.
1910 1455 1958 1500 4.
2011 1453 2040 1486 a

262 1509 420 1572 versu
448 1531 466 1560 2
485 1516 525 1560 ι’.
566 1531 670 1577 pro
691 1511 868 1585 fidem
898 1513 1080 1563 Deum
1112 1514 1210 1562 etc.
1236 1541 1306 1569 ——7
1328 1530 1375 1574 4.
1401 1531 1496 1583 pro
1533 1509 1711 1584 factis
1752 1510 2039 1577 Scioppius

247 1574 451 1654 factu,
493 1583 762 1632 Acidalius
791 1579 956 1655 facta
990 1585 1095 1653 legi
1132 1585 1358 1633 malunt.
1430 1575 1702 1633 Bmkhorn.
1740 1599 1768 1631 e
1801 1582 2035 1653 vestigiis

260 1655 323 1701 in
364 1653 480 1703 ΜΠ.
529 1646 862 1722 ἀερῑεηᾶίίΐε
908 1666 1090 1724 putat,
1147 1653 1405 1721 scriptum
1451 1653 1602 1705 fuiss‘e
1656 1664 1817 1707 tanta
1858 1645 2036 1726 factis

260 1726 421 1775 modo
463 1727 630 1783 mira,
671 1726 853 1775 verbis
890 1728 1078 1784 modo,
1129 1727 1276 1776 intus
1310 1725 1446 1775 vidi.
1521 1726 1676 1775 Nihil
1707 1722 1879 1775 soi-san
1917 1740 2032 1772 mu-

257 1796 484 1845 tandum
532 1795 626 1854 est,
686 1797 718 1843 fi
763 1799 980 1861 iungas:
1046 1792 1209 1846 tanta
1261 1809 1370 1846 tam
1423 1795 1511 1846 seu
1566 1808 1647 1847 tot
1697 1798 1835 1849 mira
1882 1796 2032 1846 veris

253 1866 427 1916 modis
465 1883 591 1916 vere
636 1869 773 1918 mira
817 1860 993 1939 factis
1047 1869 1202 1919 modo
1249 1870 1395 1917 intus
1444 1870 1501 1916 in
1542 1868 1638 1924 iis,
1685 1883 1820 1935 quae
1864 1865 2028 1915 modo

251 1939 404 1988 intus
444 1936 580 1988 facta
618 1935 742 1988 sunt
776 1931 900 1988 ‘az-'di
938 1969 1007 1980 -—--
1062 1957 1103 2000 ς.
1142 1940 1410 2004 integram
1442 1940 1642 2003 (Lamb.
1689 1938 1946 2006 explicat:
2000 1953 2028 1985 a

248 2010 400 2059 nullo
428 2009 532 2077 alio
560 2009 889 2078 susceptam3
924 2009 1199 2067 Boxhorn.
1228 2026 1355 2060 vero
1382 2011 1600 2068 rectum,
1629 2012 1850 2076 opinor:
1890 2026 2028 2075 quae

247 2082 535 2129 etiamnum
556 2076 813 2150 flagrat.-
851 2080 916 2129 ad
953 2079 1269 2130 terrendum
1305 2082 1451 2129 enim
1475 2079 1813 2131 Stalinonem
1846 2078 2026 2128 dicen·

247 2150 377 2201 dum
412 2164 554 2207 erat,
603 2151 881 2202 audaciam
925 2151 1071 2201 istam
1113 2150 1362 2201 nondum
1403 2151 1501 2201 else
1538 2149 1758 2202 fractam
1795 2180 1865 2194 -·-
1899 2152 1946 2200 6.
1972 2168 2020 2209 7.

245 2222 439 2272 eodem
483 2223 703 2272 consilio
741 2222 806 2273 de
848 2225 1062 2287 percita
1104 2223 1281 2292 aliqua
1323 2223 1586 2291 loquitur,
1623 2235 1675 2272 et
1713 2223 1778 2272 de
1824 2220 2020 2290 gladio,

245 2294 390 2350 eius,
431 2309 567 2360 quae
609 2293 779 2342 animi
818 2294 976 2360 inpos
1015 2293 1164 2352 effet,
1202 2295 1273 2345 ,in
1309 2310 1476 2341 manu
1506 2324 1578 2336 --
1616 2300 1663 2343 8.
1702 2297 1847 2343 ‘Nam
1889 2294 2020 2360 qnid

241 2363 504 2434 quidnam
535 2393 604 2405 —-
644 2381 721 2431 ξς.
758 2363 871 2433 post
905 2368 1075 2418 timeo.
1097 2366 1305 2434 [ignum
1336 2364 1670 2414 exclamandi
1699 2363 2019 2432 ponendum

239 2433 340 2494 est,
393 2452 463 2484 ne
502 2437 758 2503 iungatur
803 2450 927 2485 cum
978 2437 1082 2485 hoc
1132 2437 1432 2502 negotium,
1495 2452 1632 2503 quae
1679 2435 1843 2485 verba
1897 2435 2016 2484 iun·

235 2505 409 2575 genda
439 2504 564 2556 sunt
593 2521 719 2556 curn
748 2508 879 2574 quid
916 2505 1029 2579 est?
1062 2535 1132 2543 ·--
1165 2524 1243 2566 ις.
1269 2508 1344 2555 16.
1380 2507 1607 2556 meraclo
1624 2502 1779 2577 flore
1804 2506 2015 2573 Libyco

233 2593 445 2631 meraco
494 2577 628 2628 vino
684 2576 981 2627 Mareotico
1023 2605 1095 2619 -2
1145 2578 1222 2627 16.
1261 2577 1439 2627 obtine
1491 2596 1651 2627 aures
1709 2593 1887 2633 τηρεε,
1954 2586 2015 2624 vt

232 2660 392 2715 caput
419 2647 605 2697 labans
641 2643 844 2715 erigere
872 2665 1069 2717 queam
1095 2677 1168 2690 «—
1198 2664 1271 2708 ¹9·
1299 2660 1516 2698 excetra
1544 2652 1745 2714 vipera.
1804 2648 2012 2714 Lipsius

229 2719 483 2768 Plautum
530 2718 775 2786 scripfiss'e
823 2733 978 2787 putat
1034 2728 1256 2769 excetra
1303 2729 1393 2778 tu,
1454 2730 1514 2768 vt
1561 2719 1749 2770 Pseud.
1783 2736 1823 2770 1.
1853 2726 2004 2778 3.82.

226 2793 519 2858 reperitur;
576 2789 910 2841 Camerarius
959 2806 1087 2840 vero
1134 2791 1206 2839 ins
1243 2790 1360 2840 cod.
1413 2787 1593 2859 aliquo
1637 2806 1733 2858 pro
1785 2798 2009 2839 excetra.

227 2861 428 2926 reperit
469 2871 732 2915 execrata
759 2890 831 2904 -ψ-
879 2879 958 2910 21.
996 2859 1210 2910 numero
1257 2863 1494 2911 nimium
1549 2863 1656 2911 cito
1698 2862 1836 2909 dicis
1879 2876 2006 2928 que·

191 2929 723 2989 <-2;eris*de'saeuitia
768 2948 914 2990 mea,
955 2940 1152 2999 quam‚'
1192 2933 1287 2981 nisi
1329 2949 1454 2982 mox
1494 2933 1764 2999 eloquare,
1822 2947 2002 2998 exper-
2039 2936 2043 2938 ’

224 3015 342 3052 tura
382 3001 604 3051 demum
644 3019 716 3052 es.
791 3003 880 3051 Sic
916 3003 1064 3056 Men.
1096 3022 1139 3053 2.
1170 3021 1213 3053 2.
1249 3021 1326 3061 13.
1365 3021 1583 3052 numero
1632 3003 1740 3053 huc
1775 3002 2001 3052 aduenis
2080 3014 2084 3023 ’
2119 2998 2144 3016 '¹

222 3072 289 3123 ad
327 3073 635 3142 prandium,
673 3089 823 3123 nunc
859 3074 1120 3142 opsonatu
1158 3072 1338 3122 redeo.
1382 3074 1499 3123 Mil.
1523 3079 1570 3133 ξς.
1614 3091 1666 3121 v.
1691 3091 1735 3133 7.
1783 3090 1999 3121 nurnero

219 3145 324 3195 hoc
355 3144 509 3193 dicis,
550 3143 716 3194 Merc.
739 3161 788 3203 4.
814 3163 857 3202 3.
887 3162 964 3203 37·
1006 3161 1222 3194 numero
1247 3145 1502 3213 purgitas.
1538 3144 1706 3194 Poen.
1738 3162 1780 3200 ς.
1803 3163 1852 3206 4,
1884 3160 1996 3194 102.

221 3232 316 3265 cur
349 3231 564 3264 numero
602 3213 718 3264 estis
758 3214 1002 3265 mortui?
1033 3243 1102 3254 ---
1139 3231 1217 3278 ²9·
1253 3216 1635 3264 interminatur
1669 3216 1841 3279 vitam
1880 3229 1994 3265 non

218 3297 352 3358 puto
399 3284 689 3358 iungenda..
761 3284 881 3335 Post
914 3287 1297 3341 inter-minatur
1339 3286 1542 3355 signum
1573 3286 1791 3340 exclam.
1831 3300 1992 3352 prona-¹
