<?xml version="1.0" encoding="UTF-8"?>
<!DOCTYPE html PUBLIC "-//W3C//DTD XHTML 1.0 Transitional//EN"
    "http://www.w3.org/TR/xhtml1/DTD/xhtml1-transitional.dtd">
<html xmlns="http://www.w3.org/1999/xhtml" xml:lang="en" lang="en">
 <head>
  <title>
</title>
<meta http-equiv="Content-Type" content="text/html;charset=utf-8" />
  <meta name='ocr-system' content='tesseract 3.04.00' />
  <meta name='ocr-capabilities' content='ocr_page ocr_carea ocr_par ocr_line ocrx_word'/>
</head>
<body>
  <div class='ocr_page' id='page_1' title='image "./commentariusperp01plauuoft_0209.png"; bbox 0 0 2144 3554; ppageno 0'>
   <div class='ocr_carea' id='block_1_1' title="bbox 385 172 1951 249">
    <p class='ocr_par' dir='ltr' id='par_1_1' title="bbox 385 172 1951 249">
     <span class='ocr_line' id='line_1_1' title="bbox 385 172 1951 249; baseline -0.003 -7"><span class='ocrx_word' id='word_1_1' title='bbox 385 180 389 181; x_wconf 70' lang='grc'>’</span> <span class='ocrx_word' id='word_1_2' title='bbox 460 194 668 243; x_wconf 53' lang='lat' dir='ltr'>*orvs</span> <span class='ocrx_word' id='word_1_3' title='bbox 714 176 821 239; x_wconf 86' lang='lat' dir='ltr'>IV.</span> <span class='ocrx_word' id='word_1_4' title='bbox 891 190 1150 237; x_wconf 64' lang='lat' dir='ltr'>sermm</span> <span class='ocrx_word' id='word_1_5' title='bbox 1194 172 1662 236; x_wconf 80' lang='lat' dir='ltr'>v1..V11.V111.</span> <span class='ocrx_word' id='word_1_6' title='bbox 1837 192 1951 249; x_wconf 78' lang='lat'>203</span> 
     </span>
    </p>
   </div>
   <div class='ocr_carea' id='block_1_2' title="bbox 182 316 1965 550">
    <p class='ocr_par' dir='ltr' id='par_1_2' title="bbox 182 316 1965 550">
     <span class='ocr_line' id='line_1_2' title="bbox 182 316 1965 402; baseline -0.005 -13"><span class='ocrx_word' id='word_1_7' title='bbox 182 336 250 389; x_wconf 72' lang='lat' dir='ltr'>nd</span> <span class='ocrx_word' id='word_1_8' title='bbox 296 337 442 388; x_wconf 78' lang='lat' dir='ltr'>vitae</span> <span class='ocrx_word' id='word_1_9' title='bbox 485 316 681 402; x_wconf 49' lang='lat' dir='ltr'>&#39;gaudia</span> <span class='ocrx_word' id='word_1_10' title='bbox 732 329 822 379; x_wconf 90' lang='lat' dir='ltr'>ine</span> <span class='ocrx_word' id='word_1_11' title='bbox 863 340 981 386; x_wconf 72' lang='lat' dir='ltr'>tus,</span> <span class='ocrx_word' id='word_1_12' title='bbox 1021 324 1134 378; x_wconf 83' lang='lat' dir='ltr'>filio</span> <span class='ocrx_word' id='word_1_13' title='bbox 1176 340 1304 377; x_wconf 85' lang='lat' dir='ltr'>mox</span> <span class='ocrx_word' id='word_1_14' title='bbox 1342 324 1550 394; x_wconf 81' lang='lat' dir='ltr'><strong>lugebit</strong></span> <span class='ocrx_word' id='word_1_15' title='bbox 1592 327 1869 398; x_wconf 72' lang='lat' dir='ltr'>superstes!</span> <span class='ocrx_word' id='word_1_16' title='bbox 1893 362 1965 375; x_wconf 89' lang='lat'>-</span> 
     </span>
     <span class='ocr_line' id='line_1_3' title="bbox 187 393 1963 467; baseline -0.002 -8"><span class='ocrx_word' id='word_1_17' title='bbox 187 427 268 459; x_wconf 68' lang='grc' dir='ltr'><strong>τι.</strong></span> <span class='ocrx_word' id='word_1_18' title='bbox 298 415 479 459; x_wconf 82' lang='lat' dir='ltr'>terrae</span> <span class='ocrx_word' id='word_1_19' title='bbox 511 402 693 455; x_wconf 60' lang='lat' dir='ltr'>odilam</span> <span class='ocrx_word' id='word_1_20' title='bbox 719 394 808 466; x_wconf 59' lang='lat' dir='ltr'>‘dx</span> <span class='ocrx_word' id='word_1_21' title='bbox 852 417 903 454; x_wconf 80' lang='lat' dir='ltr'>oc</span> <span class='ocrx_word' id='word_1_22' title='bbox 936 396 1166 467; x_wconf 75' lang='grc' dir='ltr'><em>οἰρούρης,</em></span> <span class='ocrx_word' id='word_1_23' title='bbox 1190 411 1356 466; x_wconf 84' lang='lat' dir='ltr'>quem</span> <span class='ocrx_word' id='word_1_24' title='bbox 1390 396 1471 448; x_wconf 79' lang='lat' dir='ltr'>sui</span> <span class='ocrx_word' id='word_1_25' title='bbox 1502 393 1688 452; x_wconf 80' lang='lat' dir='ltr'>efferre</span> <span class='ocrx_word' id='word_1_26' title='bbox 1722 403 1963 464; x_wconf 83' lang='lat' dir='ltr'>mallent,</span> 
     </span>
     <span class='ocr_line' id='line_1_4' title="bbox 183 471 813 550; baseline -0.022 -17"><span class='ocrx_word' id='word_1_27' title='bbox 183 495 347 550; x_wconf 75' lang='lat' dir='ltr'>quam</span> <span class='ocrx_word' id='word_1_28' title='bbox 383 475 591 529; x_wconf 71' lang='lat' dir='ltr'>diutius</span> <span class='ocrx_word' id='word_1_29' title='bbox 630 471 782 524; x_wconf 84' lang='lat' dir='ltr'>ferre.</span> <span class='ocrx_word' id='word_1_30' title='bbox 808 534 813 541; x_wconf 20' lang='lat' dir='ltr'><em>f</em></span> 
     </span>
    </p>
   </div>
   <div class='ocr_carea' id='block_1_3' title="bbox 157 607 2033 2253">
    <p class='ocr_par' dir='ltr' id='par_1_3' title="bbox 461 607 1684 668">
     <span class='ocr_line' id='line_1_5' title="bbox 461 607 1684 668; baseline -0.004 0"><span class='ocrx_word' id='word_1_31' title='bbox 461 614 549 668; x_wconf 87' lang='lat' dir='ltr'>IN</span> <span class='ocrx_word' id='word_1_32' title='bbox 618 610 887 665; x_wconf 83' lang='lat' dir='ltr'>ACTVS</span> <span class='ocrx_word' id='word_1_33' title='bbox 936 610 1030 660; x_wconf 90' lang='lat' dir='ltr'>IV.</span> <span class='ocrx_word' id='word_1_34' title='bbox 1119 607 1466 662; x_wconf 82' lang='lat' dir='ltr'>SCENAM</span> <span class='ocrx_word' id='word_1_35' title='bbox 1514 612 1684 663; x_wconf 88' lang='lat' dir='ltr'>V111.</span> 
     </span>
    </p>

    <p class='ocr_par' dir='ltr' id='par_1_4' title="bbox 157 678 2033 2253">
     <span class='ocr_line' id='line_1_6' title="bbox 298 678 1966 756; baseline -0.001 -17"><span class='ocrx_word' id='word_1_36' title='bbox 298 703 342 739; x_wconf 75' lang='grc' dir='ltr'>ι.</span> <span class='ocrx_word' id='word_1_37' title='bbox 372 704 415 738; x_wconf 86' lang='lat'>2.</span> <span class='ocrx_word' id='word_1_38' title='bbox 457 686 612 756; x_wconf 85' lang='lat' dir='ltr'><strong>Quae</strong></span> <span class='ocrx_word' id='word_1_39' title='bbox 648 684 842 736; x_wconf 80' lang='lat' dir='ltr'>militis</span> <span class='ocrx_word' id='word_1_40' title='bbox 871 684 1029 734; x_wconf 82' lang='lat' dir='ltr'>verba</span> <span class='ocrx_word' id='word_1_41' title='bbox 1066 679 1204 740; x_wconf 80' lang='lat' dir='ltr'>sunt,</span> <span class='ocrx_word' id='word_1_42' title='bbox 1233 678 1390 747; x_wconf 74' lang='lat' dir='ltr'>facile</span> <span class='ocrx_word' id='word_1_43' title='bbox 1423 681 1608 735; x_wconf 85' lang='lat' dir='ltr'>seruus</span> <span class='ocrx_word' id='word_1_44' title='bbox 1648 682 1966 752; x_wconf 84' lang='lat' dir='ltr'>persuadere</span> 
     </span>
     <span class='ocr_line' id='line_1_7' title="bbox 186 752 1969 828; baseline -0.002 -17"><span class='ocrx_word' id='word_1_45' title='bbox 186 756 303 811; x_wconf 69' lang='lat' dir='ltr'>feni</span> <span class='ocrx_word' id='word_1_46' title='bbox 340 771 566 828; x_wconf 83' lang='lat' dir='ltr'>poterat,</span> <span class='ocrx_word' id='word_1_47' title='bbox 604 756 874 808; x_wconf 83' lang='lat' dir='ltr'>mulierem</span> <span class='ocrx_word' id='word_1_48' title='bbox 907 752 1313 823; x_wconf 86' lang='lat' dir='ltr'>intelligendam</span> <span class='ocrx_word' id='word_1_49' title='bbox 1343 752 1445 804; x_wconf 82' lang='lat' dir='ltr'>effe</span> <span class='ocrx_word' id='word_1_50' title='bbox 1478 772 1709 807; x_wconf 76' lang='lat' dir='ltr'>vxor-em</span> <span class='ocrx_word' id='word_1_51' title='bbox 1736 784 1806 820; x_wconf 86' lang='lat'>····.·</span> <span class='ocrx_word' id='word_1_52' title='bbox 1827 774 1969 825; x_wconf 84' lang='lat' dir='ltr'>quae</span> 
     </span>
     <span class='ocr_line' id='line_1_8' title="bbox 188 821 1969 903; baseline 0 -24"><span class='ocrx_word' id='word_1_53' title='bbox 188 829 324 880; x_wconf 74' lang='lat' dir='ltr'>haec</span> <span class='ocrx_word' id='word_1_54' title='bbox 350 823 544 903; x_wconf 84' lang='lat' dir='ltr'>factio</span> <span class='ocrx_word' id='word_1_55' title='bbox 587 825 660 903; x_wconf 81' lang='lat' dir='ltr'>est</span> <span class='ocrx_word' id='word_1_56' title='bbox 708 843 869 897; x_wconf 87' lang='lat' dir='ltr'>quam</span> <span class='ocrx_word' id='word_1_57' title='bbox 920 826 1093 875; x_wconf 84' lang='lat' dir='ltr'>audax</span> <span class='ocrx_word' id='word_1_58' title='bbox 1139 825 1553 894; x_wconf 87' lang='lat' dir='ltr'>violentumque</span> <span class='ocrx_word' id='word_1_59' title='bbox 1581 821 1807 899; x_wconf 86' lang='lat' dir='ltr'>factum</span> <span class='ocrx_word' id='word_1_60' title='bbox 1860 828 1969 880; x_wconf 86' lang='lat' dir='ltr'>hoc</span> 
     </span>
     <span class='ocr_line' id='line_1_9' title="bbox 187 893 1973 968; baseline -0.001 -18"><span class='ocrx_word' id='word_1_61' title='bbox 187 898 299 951; x_wconf 72' lang='lat' dir='ltr'>est?</span> <span class='ocrx_word' id='word_1_62' title='bbox 323 929 395 942; x_wconf 87' lang='lat'>--</span> <span class='ocrx_word' id='word_1_63' title='bbox 429 918 472 961; x_wconf 83' lang='lat'>3.</span> <span class='ocrx_word' id='word_1_64' title='bbox 506 918 605 968; x_wconf 80' lang='lat' dir='ltr'>per</span> <span class='ocrx_word' id='word_1_65' title='bbox 636 910 851 966; x_wconf 81' lang='lat' dir='ltr'>tempus</span> <span class='ocrx_word' id='word_1_66' title='bbox 885 893 1329 963; x_wconf 81' lang='lat' dir='ltr'>obportuniffime</span> <span class='ocrx_word' id='word_1_67' title='bbox 1362 898 1451 947; x_wconf 76' lang='lat' dir='ltr'>hic</span> <span class='ocrx_word' id='word_1_68' title='bbox 1479 900 1632 949; x_wconf 73' lang='lat' dir='ltr'>vertit</span> <span class='ocrx_word' id='word_1_69' title='bbox 1663 898 1815 949; x_wconf 83' lang='lat' dir='ltr'>miles</span> <span class='ocrx_word' id='word_1_70' title='bbox 1841 901 1973 949; x_wconf 83' lang='lat' dir='ltr'>milu‘</span> 
     </span>
     <span class='ocr_line' id='line_1_10' title="bbox 186 961 1969 1042; baseline -0.001 -20"><span class='ocrx_word' id='word_1_71' title='bbox 186 972 322 1023; x_wconf 83' lang='lat' dir='ltr'>haec</span> <span class='ocrx_word' id='word_1_72' title='bbox 368 973 539 1024; x_wconf 81' lang='lat' dir='ltr'>verba</span> <span class='ocrx_word' id='word_1_73' title='bbox 581 972 677 1020; x_wconf 86' lang='lat' dir='ltr'>nili</span> <span class='ocrx_word' id='word_1_74' title='bbox 728 970 908 1021; x_wconf 81' lang='lat' dir='ltr'>seruus</span> <span class='ocrx_word' id='word_1_75' title='bbox 954 971 1265 1037; x_wconf 88' lang='lat' dir='ltr'>loqueretur</span> <span class='ocrx_word' id='word_1_76' title='bbox 1284 961 1503 1042; x_wconf 73' lang='lat' dir='ltr'>seeum,</span> <span class='ocrx_word' id='word_1_77' title='bbox 1562 969 1749 1027; x_wconf 76' lang='lat' dir='ltr'>miles,</span> <span class='ocrx_word' id='word_1_78' title='bbox 1803 987 1969 1039; x_wconf 88' lang='lat' dir='ltr'>quem</span> 
     </span>
     <span class='ocr_line' id='line_1_11' title="bbox 188 1039 1973 1114; baseline -0.002 -19"><span class='ocrx_word' id='word_1_79' title='bbox 188 1045 305 1095; x_wconf 73' lang='lat' dir='ltr'>auri</span> <span class='ocrx_word' id='word_1_80' title='bbox 356 1056 520 1114; x_wconf 86' lang='lat' dir='ltr'>quam</span> <span class='ocrx_word' id='word_1_81' title='bbox 571 1041 731 1093; x_wconf 81' lang='lat' dir='ltr'>scorti</span> <span class='ocrx_word' id='word_1_82' title='bbox 771 1039 1072 1107; x_wconf 87' lang='lat' dir='ltr'>recipiendi</span> <span class='ocrx_word' id='word_1_83' title='bbox 1123 1057 1174 1089; x_wconf 86' lang='lat' dir='ltr'>v.</span> <span class='ocrx_word' id='word_1_84' title='bbox 1205 1053 1284 1100; x_wconf 77' lang='lat'>34.</span> <span class='ocrx_word' id='word_1_85' title='bbox 1335 1041 1567 1107; x_wconf 80' lang='lat' dir='ltr'>reperies</span> <span class='ocrx_word' id='word_1_86' title='bbox 1612 1041 1973 1108; x_wconf 81' lang='lat' dir='ltr'>cupidiorem,</span> 
     </span>
     <span class='ocr_line' id='line_1_12' title="bbox 189 1108 1975 1180; baseline 0 -16"><span class='ocrx_word' id='word_1_87' title='bbox 189 1127 336 1166; x_wconf 87' lang='lat' dir='ltr'>certo</span> <span class='ocrx_word' id='word_1_88' title='bbox 376 1115 570 1165; x_wconf 77' lang='lat' dir='ltr'>certius</span> <span class='ocrx_word' id='word_1_89' title='bbox 608 1113 747 1163; x_wconf 83' lang='lat' dir='ltr'>mihi</span> <span class='ocrx_word' id='word_1_90' title='bbox 783 1111 1100 1161; x_wconf 81' lang='lat' dir='ltr'>subornatus</span> <span class='ocrx_word' id='word_1_91' title='bbox 1138 1108 1413 1161; x_wconf 85' lang='lat' dir='ltr'>videretur</span> <span class='ocrx_word' id='word_1_92' title='bbox 1457 1124 1564 1161; x_wconf 85' lang='lat' dir='ltr'>tam</span> <span class='ocrx_word' id='word_1_93' title='bbox 1610 1112 1975 1180; x_wconf 81' lang='lat' dir='ltr'>adtemperate</span> 
     </span>
     <span class='ocr_line' id='line_1_13' title="bbox 191 1180 1976 1246; baseline -0.004 -9"><span class='ocrx_word' id='word_1_94' title='bbox 191 1186 539 1238; x_wconf 74' lang='lat' dir='ltr'>interuenisse</span> <span class='ocrx_word' id='word_1_95' title='bbox 567 1214 639 1224; x_wconf 91' lang='lat'><strong>—</strong></span> <span class='ocrx_word' id='word_1_96' title='bbox 683 1203 732 1241; x_wconf 79' lang='grc'>4.</span> <span class='ocrx_word' id='word_1_97' title='bbox 770 1183 1072 1239; x_wconf 78' lang='lat' dir='ltr'>mulierem,</span> <span class='ocrx_word' id='word_1_98' title='bbox 1118 1180 1372 1232; x_wconf 86' lang='lat' dir='ltr'>timidum</span> <span class='ocrx_word' id='word_1_99' title='bbox 1421 1182 1606 1232; x_wconf 87' lang='lat' dir='ltr'>Graeci</span> <span class='ocrx_word' id='word_1_100' title='bbox 1647 1198 1844 1234; x_wconf 86' lang='lat' dir='ltr'>vocant</span> <span class='ocrx_word' id='word_1_101' title='bbox 1885 1204 1976 1246; x_wconf 77' lang='grc' dir='ltr'>γυ-</span> 
     </span>
     <span class='ocr_line' id='line_1_14' title="bbox 191 1250 1978 1325; baseline -0.001 -17"><span class='ocrx_word' id='word_1_102' title='bbox 191 1259 406 1309; x_wconf 73' lang='grc' dir='ltr'><strong>ναικίαν.</strong></span> <span class='ocrx_word' id='word_1_103' title='bbox 478 1254 655 1325; x_wconf 67' lang='grc' dir='ltr'>Ωιιοᾶ</span> <span class='ocrx_word' id='word_1_104' title='bbox 698 1254 832 1304; x_wconf 74' lang='lat' dir='ltr'>viris</span> <span class='ocrx_word' id='word_1_105' title='bbox 877 1253 1201 1323; x_wconf 86' lang='lat' dir='ltr'>plerumque</span> <span class='ocrx_word' id='word_1_106' title='bbox 1248 1250 1573 1303; x_wconf 80' lang='lat' dir='ltr'>infirmiores</span> <span class='ocrx_word' id='word_1_107' title='bbox 1622 1251 1674 1303; x_wconf 81' lang='lat' dir='ltr'>se</span> <span class='ocrx_word' id='word_1_108' title='bbox 1721 1257 1978 1307; x_wconf 68' lang='lat' dir='ltr'>mulieres</span> 
     </span>
     <span class='ocr_line' id='line_1_15' title="bbox 191 1323 1979 1394; baseline 0.001 -16"><span class='ocrx_word' id='word_1_109' title='bbox 191 1324 292 1386; x_wconf 71' lang='lat' dir='ltr'>effe</span> <span class='ocrx_word' id='word_1_110' title='bbox 319 1325 574 1385; x_wconf 78' lang='lat' dir='ltr'>sentiunt,</span> <span class='ocrx_word' id='word_1_111' title='bbox 611 1326 793 1377; x_wconf 79' lang='lat' dir='ltr'>minus</span> <span class='ocrx_word' id='word_1_112' title='bbox 821 1335 1057 1394; x_wconf 82' lang='lat' dir='ltr'>promtas</span> <span class='ocrx_word' id='word_1_113' title='bbox 1087 1337 1309 1393; x_wconf 90' lang='lat' dir='ltr'>quoque</span> <span class='ocrx_word' id='word_1_114' title='bbox 1337 1323 1401 1374; x_wconf 84' lang='lat' dir='ltr'>ad</span> <span class='ocrx_word' id='word_1_115' title='bbox 1432 1325 1669 1392; x_wconf 81' lang='lat' dir='ltr'>pericula</span> <span class='ocrx_word' id='word_1_116' title='bbox 1700 1323 1979 1379; x_wconf 84' lang='lat' dir='ltr'>subeunda</span> 
     </span>
     <span class='ocr_line' id='line_1_16' title="bbox 191 1394 1979 1466; baseline -0.001 -16"><span class='ocrx_word' id='word_1_117' title='bbox 191 1396 310 1457; x_wconf 77' lang='lat' dir='ltr'>else,</span> <span class='ocrx_word' id='word_1_118' title='bbox 350 1401 549 1451; x_wconf 85' lang='lat' dir='ltr'>mirum</span> <span class='ocrx_word' id='word_1_119' title='bbox 583 1414 696 1448; x_wconf 87' lang='lat' dir='ltr'>uon</span> <span class='ocrx_word' id='word_1_120' title='bbox 728 1395 902 1446; x_wconf 84' lang='lat' dir='ltr'>est---</span> <span class='ocrx_word' id='word_1_121' title='bbox 940 1396 986 1445; x_wconf 96' lang='lat'>6.</span> <span class='ocrx_word' id='word_1_122' title='bbox 1025 1410 1120 1462; x_wconf 87' lang='lat' dir='ltr'>per</span> <span class='ocrx_word' id='word_1_123' title='bbox 1151 1394 1434 1445; x_wconf 86' lang='lat' dir='ltr'>Bellonam</span> <span class='ocrx_word' id='word_1_124' title='bbox 1463 1395 1805 1466; x_wconf 78' lang='lat' dir='ltr'>Martemque</span> <span class='ocrx_word' id='word_1_125' title='bbox 1840 1398 1979 1455; x_wconf 79' lang='lat' dir='ltr'>iure,</span> 
     </span>
     <span class='ocr_line' id='line_1_17' title="bbox 192 1462 1978 1542; baseline 0 -22"><span class='ocrx_word' id='word_1_126' title='bbox 192 1485 285 1521; x_wconf 77' lang='lat' dir='ltr'>me</span> <span class='ocrx_word' id='word_1_127' title='bbox 313 1499 386 1512; x_wconf 84' lang='lat'>--</span> <span class='ocrx_word' id='word_1_128' title='bbox 423 1487 471 1530; x_wconf 84' lang='grc'>7.</span> <span class='ocrx_word' id='word_1_129' title='bbox 511 1469 868 1520; x_wconf 78' lang='lat' dir='ltr'>exanimalem</span> <span class='ocrx_word' id='word_1_130' title='bbox 902 1462 1093 1540; x_wconf 75' lang='lat' dir='ltr'><strong><em>saxa,</em></strong></span> <span class='ocrx_word' id='word_1_131' title='bbox 1135 1477 1189 1515; x_wconf 86' lang='lat' dir='ltr'>et</span> <span class='ocrx_word' id='word_1_132' title='bbox 1227 1494 1299 1504; x_wconf 93' lang='lat'>--</span> <span class='ocrx_word' id='word_1_133' title='bbox 1350 1473 1396 1518; x_wconf 85' lang='lat'>8.</span> <span class='ocrx_word' id='word_1_134' title='bbox 1439 1469 1757 1518; x_wconf 74' lang='lat' dir='ltr'>exheredem</span> <span class='ocrx_word' id='word_1_135' title='bbox 1773 1462 1978 1542; x_wconf 79' lang='lat' dir='ltr'>fecero</span> 
     </span>
     <span class='ocr_line' id='line_1_18' title="bbox 191 1536 1981 1610; baseline -0.001 -18"><span class='ocrx_word' id='word_1_136' title='bbox 191 1541 348 1594; x_wconf 78' lang='lat' dir='ltr'>vitae</span> <span class='ocrx_word' id='word_1_137' title='bbox 385 1555 676 1610; x_wconf 84' lang='lat' dir='ltr'>vtrumque</span> <span class='ocrx_word' id='word_1_138' title='bbox 713 1538 811 1590; x_wconf 83' lang='lat' dir='ltr'>est:</span> <span class='ocrx_word' id='word_1_139' title='bbox 849 1536 1169 1590; x_wconf 74' lang='lat' dir='ltr'>interficiam</span> <span class='ocrx_word' id='word_1_140' title='bbox 1196 1552 1342 1588; x_wconf 88' lang='lat' dir='ltr'>eum.</span> <span class='ocrx_word' id='word_1_141' title='bbox 1381 1537 1530 1590; x_wconf 86' lang='lat' dir='ltr'>Men.</span> <span class='ocrx_word' id='word_1_142' title='bbox 1559 1557 1601 1596; x_wconf 78' lang='lat'>3·</span> <span class='ocrx_word' id='word_1_143' title='bbox 1629 1556 1672 1590; x_wconf 84' lang='lat'>2.</span> <span class='ocrx_word' id='word_1_144' title='bbox 1706 1557 1781 1590; x_wconf 73' lang='grc' dir='ltr'>ιι.</span> <span class='ocrx_word' id='word_1_145' title='bbox 1820 1543 1981 1592; x_wconf 70' lang='lat' dir='ltr'>cuiue</span> 
     </span>
     <span class='ocr_line' id='line_1_19' title="bbox 195 1606 1983 1682; baseline 0 -20"><span class='ocrx_word' id='word_1_146' title='bbox 195 1613 407 1682; x_wconf 84' lang='lat' dir='ltr'>(pallae)</span> <span class='ocrx_word' id='word_1_147' title='bbox 451 1614 604 1663; x_wconf 83' lang='lat' dir='ltr'>heres</span> <span class='ocrx_word' id='word_1_148' title='bbox 652 1627 953 1679; x_wconf 84' lang='lat' dir='ltr'>numquam</span> <span class='ocrx_word' id='word_1_149' title='bbox 1006 1611 1107 1659; x_wconf 88' lang='lat' dir='ltr'>erit</span> <span class='ocrx_word' id='word_1_150' title='bbox 1142 1606 1255 1678; x_wconf 85' lang='lat' dir='ltr'>post</span> <span class='ocrx_word' id='word_1_151' title='bbox 1305 1609 1453 1675; x_wconf 81' lang='lat' dir='ltr'>huuc</span> <span class='ocrx_word' id='word_1_152' title='bbox 1494 1609 1640 1660; x_wconf 88' lang='lat' dir='ltr'>diem</span> <span class='ocrx_word' id='word_1_153' title='bbox 1686 1611 1720 1662; x_wconf 90' lang='lat' dir='ltr'>i.</span> <span class='ocrx_word' id='word_1_154' title='bbox 1743 1626 1789 1662; x_wconf 88' lang='lat' dir='ltr'>e.</span> <span class='ocrx_word' id='word_1_155' title='bbox 1842 1628 1983 1680; x_wconf 80' lang='lat' dir='ltr'>quae</span> 
     </span>
     <span class='ocr_line' id='line_1_20' title="bbox 193 1680 1983 1750; baseline -0.002 -14"><span class='ocrx_word' id='word_1_156' title='bbox 193 1700 310 1736; x_wconf 86' lang='lat' dir='ltr'>non</span> <span class='ocrx_word' id='word_1_157' title='bbox 342 1684 599 1735; x_wconf 85' lang='lat' dir='ltr'>reddatur</span> <span class='ocrx_word' id='word_1_158' title='bbox 639 1685 707 1734; x_wconf 87' lang='lat' dir='ltr'>ei.</span> <span class='ocrx_word' id='word_1_159' title='bbox 757 1684 912 1733; x_wconf 84' lang='lat' dir='ltr'>heres</span> <span class='ocrx_word' id='word_1_160' title='bbox 953 1681 1193 1750; x_wconf 73' lang='lat' dir='ltr'>antiquis</span> <span class='ocrx_word' id='word_1_161' title='bbox 1229 1696 1327 1748; x_wconf 88' lang='lat' dir='ltr'>pro</span> <span class='ocrx_word' id='word_1_162' title='bbox 1365 1680 1612 1733; x_wconf 87' lang='lat' dir='ltr'>domino.</span> <span class='ocrx_word' id='word_1_163' title='bbox 1687 1680 1884 1734; x_wconf 72' lang='lat' dir='ltr'>Festus.</span> <span class='ocrx_word' id='word_1_164' title='bbox 1911 1713 1983 1724; x_wconf 89' lang='lat'>—</span> 
     </span>
     <span class='ocr_line' id='line_1_21' title="bbox 201 1750 1983 1823; baseline 0 -16"><span class='ocrx_word' id='word_1_165' title='bbox 201 1771 281 1807; x_wconf 74' lang='grc' dir='ltr'><strong>ιο.</strong></span> <span class='ocrx_word' id='word_1_166' title='bbox 315 1758 434 1814; x_wconf 82' lang='lat' dir='ltr'>vir,</span> <span class='ocrx_word' id='word_1_167' title='bbox 482 1756 739 1811; x_wconf 51' lang='lat' dir='ltr'>maritum</span> <span class='ocrx_word' id='word_1_168' title='bbox 794 1770 921 1822; x_wconf 85' lang='lat' dir='ltr'>ergo</span> <span class='ocrx_word' id='word_1_169' title='bbox 980 1753 1036 1802; x_wconf 86' lang='lat' dir='ltr'>in</span> <span class='ocrx_word' id='word_1_170' title='bbox 1090 1750 1358 1802; x_wconf 88' lang='lat' dir='ltr'>adulterio</span> <span class='ocrx_word' id='word_1_171' title='bbox 1420 1752 1789 1823; x_wconf 81' lang='lat' dir='ltr'>deprehensus</span> <span class='ocrx_word' id='word_1_172' title='bbox 1838 1753 1983 1807; x_wconf 78' lang='lat' dir='ltr'>filiu·</span> 
     </span>
     <span class='ocr_line' id='line_1_22' title="bbox 195 1822 1982 1892; baseline -0.002 -13"><span class='ocrx_word' id='word_1_173' title='bbox 195 1839 325 1879; x_wconf 74' lang='lat' dir='ltr'>tuno</span> <span class='ocrx_word' id='word_1_174' title='bbox 363 1825 450 1878; x_wconf 84' lang='lat' dir='ltr'>est.</span> <span class='ocrx_word' id='word_1_175' title='bbox 524 1826 640 1876; x_wconf 82' lang='lat' dir='ltr'>Nec</span> <span class='ocrx_word' id='word_1_176' title='bbox 673 1826 828 1875; x_wconf 82' lang='lat' dir='ltr'>miles</span> <span class='ocrx_word' id='word_1_177' title='bbox 868 1826 1098 1876; x_wconf 78' lang='lat' dir='ltr'>verbum</span> <span class='ocrx_word' id='word_1_178' title='bbox 1143 1823 1244 1872; x_wconf 87' lang='lat' dir='ltr'>hac</span> <span class='ocrx_word' id='word_1_179' title='bbox 1274 1822 1497 1892; x_wconf 88' lang='lat' dir='ltr'>quidem</span> <span class='ocrx_word' id='word_1_180' title='bbox 1539 1826 1595 1875; x_wconf 91' lang='lat' dir='ltr'>in</span> <span class='ocrx_word' id='word_1_181' title='bbox 1632 1822 1788 1876; x_wconf 84' lang='lat' dir='ltr'>scena</span> <span class='ocrx_word' id='word_1_182' title='bbox 1829 1826 1982 1886; x_wconf 87' lang='lat' dir='ltr'>dicit,</span> 
     </span>
     <span class='ocr_line' id='line_1_23' title="bbox 195 1893 1981 1966; baseline 0.001 -21"><span class='ocrx_word' id='word_1_183' title='bbox 195 1898 342 1950; x_wconf 83' lang='lat' dir='ltr'>vnde</span> <span class='ocrx_word' id='word_1_184' title='bbox 374 1896 621 1949; x_wconf 81' lang='lat' dir='ltr'>subolere</span> <span class='ocrx_word' id='word_1_185' title='bbox 654 1894 765 1947; x_wconf 83' lang='lat' dir='ltr'>seni</span> <span class='ocrx_word' id='word_1_186' title='bbox 802 1895 1083 1966; x_wconf 84' lang='lat' dir='ltr'>potuiss&#39;et‚</span> <span class='ocrx_word' id='word_1_187' title='bbox 1128 1893 1357 1945; x_wconf 78' lang='lat' dir='ltr'>scortum</span> <span class='ocrx_word' id='word_1_188' title='bbox 1392 1895 1576 1952; x_wconf 82' lang='lat' dir='ltr'>mod0.</span> <span class='ocrx_word' id='word_1_189' title='bbox 1609 1912 1723 1948; x_wconf 88' lang='lat' dir='ltr'>non</span> <span class='ocrx_word' id='word_1_190' title='bbox 1755 1913 1981 1948; x_wconf 67' lang='lat' dir='ltr'>onrem</span> 
     </span>
     <span class='ocr_line' id='line_1_24' title="bbox 197 1965 1986 2036; baseline -0.001 -14"><span class='ocrx_word' id='word_1_191' title='bbox 197 1971 316 2022; x_wconf 76' lang='lat' dir='ltr'>eius</span> <span class='ocrx_word' id='word_1_192' title='bbox 348 1968 679 2022; x_wconf 78' lang='lat' dir='ltr'>Bacchidem</span> <span class='ocrx_word' id='word_1_193' title='bbox 711 1966 811 2019; x_wconf 82' lang='lat' dir='ltr'>effe</span> <span class='ocrx_word' id='word_1_194' title='bbox 857 1996 917 2004; x_wconf 91' lang='lat'>--</span> <span class='ocrx_word' id='word_1_195' title='bbox 967 1985 1045 2025; x_wconf 87' lang='lat'>27.</span> <span class='ocrx_word' id='word_1_196' title='bbox 1082 1982 1247 2034; x_wconf 88' lang='lat' dir='ltr'>quam</span> <span class='ocrx_word' id='word_1_197' title='bbox 1286 1965 1650 2036; x_wconf 87' lang='lat' dir='ltr'>adtemperate</span> <span class='ocrx_word' id='word_1_198' title='bbox 1691 1969 1850 2021; x_wconf 70' lang='lat' dir='ltr'>miles</span> <span class='ocrx_word' id='word_1_199' title='bbox 1884 1969 1986 2020; x_wconf 86' lang='lat' dir='ltr'>du·</span> 
     </span>
     <span class='ocr_line' id='line_1_25' title="bbox 157 2037 2033 2110; baseline -0.001 -17"><span class='ocrx_word' id='word_1_200' title='bbox 157 2066 164 2070; x_wconf 89' lang='grc'><em>·</em></span> <span class='ocrx_word' id='word_1_201' title='bbox 197 2048 387 2094; x_wconf 80' lang='lat' dir='ltr'>centos</span> <span class='ocrx_word' id='word_1_202' title='bbox 417 2041 700 2110; x_wconf 83' lang='lat' dir='ltr'>Philippos</span> <span class='ocrx_word' id='word_1_203' title='bbox 736 2037 945 2108; x_wconf 76' lang='lat' dir='ltr'>poscit?</span> <span class='ocrx_word' id='word_1_204' title='bbox 974 2068 1045 2077; x_wconf 89' lang='lat'>--</span> <span class='ocrx_word' id='word_1_205' title='bbox 1095 2054 1174 2098; x_wconf 76' lang='lat'>34.</span> <span class='ocrx_word' id='word_1_206' title='bbox 1211 2039 1452 2103; x_wconf 79' lang='lat' dir='ltr'>ingeram</span> <span class='ocrx_word' id='word_1_207' title='bbox 1484 2042 1747 2108; x_wconf 82' lang='lat' dir='ltr'>inprecer.</span> <span class='ocrx_word' id='word_1_208' title='bbox 1782 2052 1850 2091; x_wconf 81' lang='lat' dir='ltr'>vt</span> <span class='ocrx_word' id='word_1_209' title='bbox 1885 2041 1988 2091; x_wconf 74' lang='lat' dir='ltr'>tibi</span> <span class='ocrx_word' id='word_1_210' title='bbox 2030 2069 2033 2073; x_wconf 92' lang='lat'>·</span> 
     </span>
     <span class='ocr_line' id='line_1_26' title="bbox 199 2108 1990 2177; baseline -0.001 -13"><span class='ocrx_word' id='word_1_211' title='bbox 199 2113 349 2164; x_wconf 73' lang='lat' dir='ltr'>mala</span> <span class='ocrx_word' id='word_1_212' title='bbox 380 2112 554 2163; x_wconf 76' lang='lat' dir='ltr'>multa</span> <span class='ocrx_word' id='word_1_213' title='bbox 586 2113 828 2177; x_wconf 78' lang='lat' dir='ltr'>ingeram</span> <span class='ocrx_word' id='word_1_214' title='bbox 866 2108 1001 2160; x_wconf 86' lang='lat' dir='ltr'>dicit</span> <span class='ocrx_word' id='word_1_215' title='bbox 1037 2108 1260 2176; x_wconf 89' lang='lat' dir='ltr'>quidem</span> <span class='ocrx_word' id='word_1_216' title='bbox 1297 2110 1479 2165; x_wconf 82' lang='lat' dir='ltr'>militi.</span> <span class='ocrx_word' id='word_1_217' title='bbox 1503 2124 1557 2161; x_wconf 86' lang='lat' dir='ltr'>at</span> <span class='ocrx_word' id='word_1_218' title='bbox 1591 2109 1772 2161; x_wconf 81' lang='lat' dir='ltr'>lenem</span> <span class='ocrx_word' id='word_1_219' title='bbox 1802 2124 1990 2162; x_wconf 86' lang='lat' dir='ltr'>tamen</span> 
     </span>
     <span class='ocr_line' id='line_1_27' title="bbox 201 2178 1988 2253; baseline 0 -20"><span class='ocrx_word' id='word_1_220' title='bbox 201 2178 519 2253; x_wconf 73' lang='lat' dir='ltr'>adspiciens.</span> <span class='ocrx_word' id='word_1_221' title='bbox 566 2182 740 2233; x_wconf 80' lang='lat' dir='ltr'>Senex</span> <span class='ocrx_word' id='word_1_222' title='bbox 757 2183 924 2250; x_wconf 79' lang='lat' dir='ltr'>igitur</span> <span class='ocrx_word' id='word_1_223' title='bbox 954 2181 1220 2250; x_wconf 85' lang='lat' dir='ltr'>milesque</span> <span class='ocrx_word' id='word_1_224' title='bbox 1241 2181 1373 2230; x_wconf 82' lang='lat' dir='ltr'>alter</span> <span class='ocrx_word' id='word_1_225' title='bbox 1393 2182 1542 2231; x_wconf 85' lang='lat' dir='ltr'>alteri</span> <span class='ocrx_word' id='word_1_226' title='bbox 1569 2196 1721 2250; x_wconf 85' lang='lat' dir='ltr'>putat</span> <span class='ocrx_word' id='word_1_227' title='bbox 1744 2198 1805 2233; x_wconf 89' lang='lat' dir='ltr'>ea</span> <span class='ocrx_word' id='word_1_228' title='bbox 1825 2186 1988 2235; x_wconf 80' lang='lat' dir='ltr'>verba</span> 
     </span>
    </p>
   </div>
   <div class='ocr_carea' id='block_1_4' title="bbox 118 2253 1991 2313">
    <p class='ocr_par' dir='ltr' id='par_1_5' title="bbox 118 2253 1991 2313">
     <span class='ocr_line' id='line_1_28' title="bbox 118 2253 1991 2313; baseline -0.001 -8"><span class='ocrx_word' id='word_1_229' title='bbox 118 2296 125 2305; x_wconf 72' lang='grc'><strong>.</strong></span> <span class='ocrx_word' id='word_1_230' title='bbox 201 2255 372 2306; x_wconf 81' lang='lat' dir='ltr'>dicta:</span> <span class='ocrx_word' id='word_1_231' title='bbox 407 2255 497 2306; x_wconf 86' lang='lat' dir='ltr'>ille</span> <span class='ocrx_word' id='word_1_232' title='bbox 525 2266 679 2310; x_wconf 80' lang='lat' dir='ltr'>tacet,</span> <span class='ocrx_word' id='word_1_233' title='bbox 702 2255 859 2303; x_wconf 83' lang='lat' dir='ltr'>miles</span> <span class='ocrx_word' id='word_1_234' title='bbox 884 2269 1012 2302; x_wconf 77' lang='lat' dir='ltr'>vero</span> <span class='ocrx_word' id='word_1_235' title='bbox 1041 2272 1091 2301; x_wconf 79' lang='lat' dir='ltr'>v.</span> <span class='ocrx_word' id='word_1_236' title='bbox 1121 2270 1196 2313; x_wconf 71' lang='lat'>³5·</span> <span class='ocrx_word' id='word_1_237' title='bbox 1235 2261 1332 2301; x_wconf 82' lang='lat' dir='ltr'>tuo</span> <span class='ocrx_word' id='word_1_238' title='bbox 1357 2253 1632 2303; x_wconf 80' lang='lat' dir='ltr'>arbitratu</span> <span class='ocrx_word' id='word_1_239' title='bbox 1661 2267 1720 2305; x_wconf 88' lang='lat' dir='ltr'>vt</span> <span class='ocrx_word' id='word_1_240' title='bbox 1745 2255 1897 2304; x_wconf 88' lang='lat' dir='ltr'>lubet</span> <span class='ocrx_word' id='word_1_241' title='bbox 1916 2285 1991 2297; x_wconf 91' lang='lat'>--</span> 
     </span>
    </p>
   </div>
   <div class='ocr_carea' id='block_1_5' title="bbox 159 2318 1991 2544">
    <p class='ocr_par' dir='ltr' id='par_1_6' title="bbox 159 2318 1991 2544">
     <span class='ocr_line' id='line_1_29' title="bbox 205 2318 1991 2398; baseline 0 -21"><span class='ocrx_word' id='word_1_242' title='bbox 205 2343 288 2388; x_wconf 32' lang='lat'>315.</span> <span class='ocrx_word' id='word_1_243' title='bbox 323 2324 613 2392; x_wconf 82' lang='lat' dir='ltr'>Chrysalus</span> <span class='ocrx_word' id='word_1_244' title='bbox 652 2325 864 2398; x_wconf 74' lang='lat' dir='ltr'>fecum:</span> <span class='ocrx_word' id='word_1_245' title='bbox 913 2334 980 2374; x_wconf 79' lang='lat' dir='ltr'>vt</span> <span class='ocrx_word' id='word_1_246' title='bbox 1006 2318 1401 2398; x_wconf 73' lang='lat' dir='ltr'>subblanditur·</span> <span class='ocrx_word' id='word_1_247' title='bbox 1448 2327 1634 2375; x_wconf 79' lang='lat' dir='ltr'>omnia</span> <span class='ocrx_word' id='word_1_248' title='bbox 1676 2325 1991 2378; x_wconf 77' lang='lat' dir='ltr'>adcommo-</span> 
     </span>
     <span class='ocr_line' id='line_1_30' title="bbox 159 2395 1991 2464; baseline 0.001 -17"><span class='ocrx_word' id='word_1_249' title='bbox 159 2427 163 2432; x_wconf 78' lang='lat'><em>,</em></span> <span class='ocrx_word' id='word_1_250' title='bbox 197 2397 326 2448; x_wconf 33' lang='lat' dir='ltr'>*date</span> <span class='ocrx_word' id='word_1_251' title='bbox 365 2397 502 2449; x_wconf 86' lang='lat' dir='ltr'>dicit</span> <span class='ocrx_word' id='word_1_252' title='bbox 525 2426 596 2435; x_wconf 91' lang='lat'>---</span> <span class='ocrx_word' id='word_1_253' title='bbox 635 2414 715 2457; x_wconf 88' lang='lat'>37.</span> <span class='ocrx_word' id='word_1_254' title='bbox 753 2406 948 2459; x_wconf 60' lang='lat' dir='ltr'>rogato</span> <span class='ocrx_word' id='word_1_255' title='bbox 978 2395 1269 2464; x_wconf 84' lang='lat' dir='ltr'>stipulator.</span> <span class='ocrx_word' id='word_1_256' title='bbox 1309 2407 1540 2446; x_wconf 80' lang='lat' dir='ltr'>ceterum</span> <span class='ocrx_word' id='word_1_257' title='bbox 1571 2397 1639 2447; x_wconf 77' lang='lat' dir='ltr'>de</span> <span class='ocrx_word' id='word_1_258' title='bbox 1667 2397 1786 2448; x_wconf 82' lang='lat' dir='ltr'>aliis</span> <span class='ocrx_word' id='word_1_259' title='bbox 1827 2400 1991 2450; x_wconf 70' lang='lat' dir='ltr'>rebus</span> 
     </span>
     <span class='ocr_line' id='line_1_31' title="bbox 201 2462 1991 2544; baseline 0 -24"><span class='ocrx_word' id='word_1_260' title='bbox 201 2469 423 2520; x_wconf 75' lang='lat' dir='ltr'>verbum</span> <span class='ocrx_word' id='word_1_261' title='bbox 459 2469 752 2521; x_wconf 78' lang='lat' dir='ltr'>verborum</span> <span class='ocrx_word' id='word_1_262' title='bbox 773 2462 877 2544; x_wconf 73' lang='lat' dir='ltr'>sat</span> <span class='ocrx_word' id='word_1_263' title='bbox 921 2465 1010 2541; x_wconf 64' lang='lat' dir='ltr'>est.</span> <span class='ocrx_word' id='word_1_264' title='bbox 1085 2466 1211 2516; x_wconf 91' lang='lat' dir='ltr'>Non</span> <span class='ocrx_word' id='word_1_265' title='bbox 1239 2468 1359 2518; x_wconf 90' lang='lat' dir='ltr'>vult</span> <span class='ocrx_word' id='word_1_266' title='bbox 1392 2469 1568 2525; x_wconf 85' lang='lat' dir='ltr'>enirn,</span> <span class='ocrx_word' id='word_1_267' title='bbox 1613 2468 1863 2520; x_wconf 82' lang='lat' dir='ltr'>excidere</span> <span class='ocrx_word' id='word_1_268' title='bbox 1889 2472 1991 2520; x_wconf 88' lang='lat' dir='ltr'>mi·</span> 
     </span>
    </p>
   </div>
   <div class='ocr_carea' id='block_1_6' title="bbox 69 2535 1991 2601">
    <p class='ocr_par' dir='ltr' id='par_1_7' title="bbox 69 2535 1991 2601">
     <span class='ocr_line' id='line_1_32' title="bbox 69 2535 1991 2601; baseline -0.001 -9"><span class='ocrx_word' id='word_1_269' title='bbox 69 2554 71 2558; x_wconf 86' lang='grc'><strong>’</strong></span> <span class='ocrx_word' id='word_1_270' title='bbox 129 2600 133 2601; x_wconf 15' lang='lat'><em>⁷</em></span> <span class='ocrx_word' id='word_1_271' title='bbox 200 2541 291 2592; x_wconf 77' lang='lat' dir='ltr'>liti</span> <span class='ocrx_word' id='word_1_272' title='bbox 334 2540 592 2598; x_wconf 81' lang='lat' dir='ltr'>verbum,</span> <span class='ocrx_word' id='word_1_273' title='bbox 646 2538 794 2588; x_wconf 88' lang='lat' dir='ltr'>vnde</span> <span class='ocrx_word' id='word_1_274' title='bbox 832 2554 905 2588; x_wconf 81' lang='lat' dir='ltr'>co</span> <span class='ocrx_word' id='word_1_275' title='bbox 948 2538 1190 2589; x_wconf 85' lang='lat' dir='ltr'>nosceret</span> <span class='ocrx_word' id='word_1_276' title='bbox 1247 2535 1432 2597; x_wconf 84' lang='lat' dir='ltr'>senex,</span> <span class='ocrx_word' id='word_1_277' title='bbox 1493 2539 1826 2592; x_wconf 84' lang='lat' dir='ltr'>Bacchidem</span> <span class='ocrx_word' id='word_1_278' title='bbox 1874 2558 1991 2592; x_wconf 88' lang='lat' dir='ltr'>non</span> 
     </span>
    </p>
   </div>
   <div class='ocr_carea' id='block_1_7' title="bbox 0 0 104 3554">
    <p class='ocr_par' dir='ltr' id='par_1_8' title="bbox 0 0 104 3554">
     <span class='ocr_line' id='line_1_33' title="bbox 0 0 104 3554; baseline 0 0"><span class='ocrx_word' id='word_1_279' title='bbox 0 0 104 3554; x_wconf 95' lang='lat' dir='ltr'> </span> 
     </span>
    </p>
   </div>
   <div class='ocr_carea' id='block_1_8' title="bbox 168 2608 1999 3112">
    <p class='ocr_par' dir='ltr' id='par_1_9' title="bbox 168 2608 1999 3112">
     <span class='ocr_line' id='line_1_34' title="bbox 205 2608 1994 2669; baseline 0 -6"><span class='ocrx_word' id='word_1_280' title='bbox 205 2626 430 2663; x_wconf 79' lang='lat' dir='ltr'>vxorem</span> <span class='ocrx_word' id='word_1_281' title='bbox 467 2612 586 2663; x_wconf 86' lang='lat' dir='ltr'>eius</span> <span class='ocrx_word' id='word_1_282' title='bbox 619 2609 749 2669; x_wconf 82' lang='lat' dir='ltr'>effe,</span> <span class='ocrx_word' id='word_1_283' title='bbox 793 2608 884 2660; x_wconf 81' lang='lat' dir='ltr'>sed</span> <span class='ocrx_word' id='word_1_284' title='bbox 940 2623 1149 2661; x_wconf 88' lang='lat' dir='ltr'>cortum</span> <span class='ocrx_word' id='word_1_285' title='bbox 1190 2638 1261 2650; x_wconf 86' lang='lat'>--</span> <span class='ocrx_word' id='word_1_286' title='bbox 1308 2626 1391 2669; x_wconf 86' lang='lat'>43.</span> <span class='ocrx_word' id='word_1_287' title='bbox 1434 2628 1494 2661; x_wconf 90' lang='lat' dir='ltr'>re</span> <span class='ocrx_word' id='word_1_288' title='bbox 1538 2624 1803 2662; x_wconf 81' lang='lat' dir='ltr'>transacta</span> <span class='ocrx_word' id='word_1_289' title='bbox 1841 2613 1994 2663; x_wconf 86' lang='lat' dir='ltr'>inue-</span> 
     </span>
     <span class='ocr_line' id='line_1_35' title="bbox 203 2680 1995 2753; baseline -0.001 -19"><span class='ocrx_word' id='word_1_290' title='bbox 203 2683 357 2734; x_wconf 83' lang='lat' dir='ltr'>hitur</span> <span class='ocrx_word' id='word_1_291' title='bbox 399 2685 459 2734; x_wconf 87' lang='lat' dir='ltr'>in</span> <span class='ocrx_word' id='word_1_292' title='bbox 496 2682 757 2740; x_wconf 85' lang='lat' dir='ltr'>militem,</span> <span class='ocrx_word' id='word_1_293' title='bbox 811 2698 972 2751; x_wconf 90' lang='lat' dir='ltr'>quem</span> <span class='ocrx_word' id='word_1_294' title='bbox 1019 2680 1286 2749; x_wconf 80' lang='lat' dir='ltr'>paffumm</span> <span class='ocrx_word' id='word_1_295' title='bbox 1331 2681 1560 2740; x_wconf 82' lang='lat' dir='ltr'>sciebat,</span> <span class='ocrx_word' id='word_1_296' title='bbox 1618 2685 1755 2734; x_wconf 77' lang='lat' dir='ltr'>iocis</span> <span class='ocrx_word' id='word_1_297' title='bbox 1788 2686 1995 2753; x_wconf 81' lang='lat' dir='ltr'>praeci-</span> 
     </span>
     <span class='ocr_line' id='line_1_36' title="bbox 204 2751 1995 2826; baseline 0.001 -23"><span class='ocrx_word' id='word_1_298' title='bbox 204 2771 346 2824; x_wconf 74' lang='lat' dir='ltr'>pue,</span> <span class='ocrx_word' id='word_1_299' title='bbox 382 2765 444 2803; x_wconf 81' lang='lat' dir='ltr'>vt</span> <span class='ocrx_word' id='word_1_300' title='bbox 473 2753 540 2803; x_wconf 87' lang='lat' dir='ltr'>de</span> <span class='ocrx_word' id='word_1_301' title='bbox 573 2754 832 2810; x_wconf 80' lang='lat' dir='ltr'>veruina,</span> <span class='ocrx_word' id='word_1_302' title='bbox 869 2751 1104 2802; x_wconf 80' lang='lat' dir='ltr'>admistis</span> <span class='ocrx_word' id='word_1_303' title='bbox 1136 2781 1207 2792; x_wconf 88' lang='lat'>·-</span> <span class='ocrx_word' id='word_1_304' title='bbox 1246 2753 1331 2814; x_wconf 83' lang='lat'>46.</span> <span class='ocrx_word' id='word_1_305' title='bbox 1364 2755 1597 2804; x_wconf 61' lang='lat' dir='ltr'>ver-uina</span> <span class='ocrx_word' id='word_1_306' title='bbox 1628 2754 1833 2806; x_wconf 90' lang='lat' dir='ltr'>dicitur</span> <span class='ocrx_word' id='word_1_307' title='bbox 1876 2758 1995 2826; x_wconf 86' lang='lat' dir='ltr'>qui-</span> 
     </span>
     <span class='ocr_line' id='line_1_37' title="bbox 209 2822 1999 2894; baseline 0.002 -19"><span class='ocrx_word' id='word_1_308' title='bbox 209 2823 335 2890; x_wconf 76' lang='lat' dir='ltr'>dem</span> <span class='ocrx_word' id='word_1_309' title='bbox 368 2826 532 2876; x_wconf 85' lang='lat' dir='ltr'>iaculi</span> <span class='ocrx_word' id='word_1_310' title='bbox 569 2824 668 2874; x_wconf 78' lang='lat' dir='ltr'>ess&#39;e</span> <span class='ocrx_word' id='word_1_311' title='bbox 700 2839 893 2894; x_wconf 79' lang='lat' dir='ltr'>genus,</span> <span class='ocrx_word' id='word_1_312' title='bbox 933 2822 1022 2874; x_wconf 80' lang='lat' dir='ltr'>sed</span> <span class='ocrx_word' id='word_1_313' title='bbox 1061 2825 1166 2874; x_wconf 80' lang='lat' dir='ltr'>hoe</span> <span class='ocrx_word' id='word_1_314' title='bbox 1199 2836 1344 2873; x_wconf 89' lang='lat' dir='ltr'>certe</span> <span class='ocrx_word' id='word_1_315' title='bbox 1381 2825 1503 2876; x_wconf 92' lang='lat' dir='ltr'>loco</span> <span class='ocrx_word' id='word_1_316' title='bbox 1530 2844 1666 2876; x_wconf 83' lang='lat' dir='ltr'>veru</span> <span class='ocrx_word' id='word_1_317' title='bbox 1698 2824 1796 2877; x_wconf 85' lang='lat' dir='ltr'>est:</span> <span class='ocrx_word' id='word_1_318' title='bbox 1831 2828 1999 2878; x_wconf 79' lang='lat' dir='ltr'>armis</span> 
     </span>
     <span class='ocr_line' id='line_1_38' title="bbox 183 2893 1995 2967; baseline 0.002 -23"><span class='ocrx_word' id='word_1_319' title='bbox 183 2941 186 2944; x_wconf 73' lang='grc'>,</span> <span class='ocrx_word' id='word_1_320' title='bbox 212 2893 517 2948; x_wconf 82' lang='lat' dir='ltr'>domesticis</span> <span class='ocrx_word' id='word_1_321' title='bbox 546 2907 598 2945; x_wconf 80' lang='lat' dir='ltr'>te</span> <span class='ocrx_word' id='word_1_322' title='bbox 626 2894 941 2947; x_wconf 85' lang='lat' dir='ltr'>confodiam</span> <span class='ocrx_word' id='word_1_323' title='bbox 961 2924 1032 2959; x_wconf 51' lang='grc' dir='ltr'>-Τ</span> <span class='ocrx_word' id='word_1_324' title='bbox 1059 2901 1143 2953; x_wconf 73' lang='grc'>48.</span> <span class='ocrx_word' id='word_1_325' title='bbox 1171 2895 1295 2945; x_wconf 88' lang='lat' dir='ltr'>Ter.</span> <span class='ocrx_word' id='word_1_326' title='bbox 1323 2895 1465 2948; x_wconf 85' lang='lat' dir='ltr'>Eun.</span> <span class='ocrx_word' id='word_1_327' title='bbox 1498 2914 1541 2959; x_wconf 82' lang='grc' dir='ltr'>ς.</span> <span class='ocrx_word' id='word_1_328' title='bbox 1563 2900 1611 2947; x_wconf 91' lang='grc'><strong>6.</strong></span> <span class='ocrx_word' id='word_1_329' title='bbox 1640 2916 1719 2960; x_wconf 82' lang='lat'>²3·</span> <span class='ocrx_word' id='word_1_330' title='bbox 1758 2911 1995 2967; x_wconf 87' lang='lat' dir='ltr'>egomet,</span> 
     </span>
     <span class='ocr_line' id='line_1_39' title="bbox 168 2959 1999 3041; baseline 0.001 -23"><span class='ocrx_word' id='word_1_331' title='bbox 168 2966 171 2967; x_wconf 36' lang='lat'><em>⁷</em></span> <span class='ocrx_word' id='word_1_332' title='bbox 211 2982 353 3019; x_wconf 58' lang='lat' dir='ltr'>mea</span> <span class='ocrx_word' id='word_1_333' title='bbox 380 2967 590 3018; x_wconf 80' lang='lat' dir='ltr'>indicio</span> <span class='ocrx_word' id='word_1_334' title='bbox 634 2967 819 3025; x_wconf 82' lang='lat' dir='ltr'>miser,</span> <span class='ocrx_word' id='word_1_335' title='bbox 871 2967 1011 3034; x_wconf 77' lang='lat' dir='ltr'>quali</span> <span class='ocrx_word' id='word_1_336' title='bbox 1042 2959 1216 3041; x_wconf 78' lang='lat' dir='ltr'>sorex</span> <span class='ocrx_word' id='word_1_337' title='bbox 1256 2967 1423 3016; x_wconf 83' lang='lat' dir='ltr'>hodie</span> <span class='ocrx_word' id='word_1_338' title='bbox 1466 2965 1621 3034; x_wconf 73' lang='lat' dir='ltr'>perii.</span> <span class='ocrx_word' id='word_1_339' title='bbox 1670 2970 1724 3018; x_wconf 91' lang='lat' dir='ltr'>h.</span> <span class='ocrx_word' id='word_1_340' title='bbox 1749 2970 1784 3020; x_wconf 91' lang='lat' dir='ltr'>l.</span> <span class='ocrx_word' id='word_1_341' title='bbox 1834 2973 1999 3020; x_wconf 76' lang='lat' dir='ltr'>nenia</span> 
     </span>
     <span class='ocr_line' id='line_1_40' title="bbox 198 3029 1996 3112; baseline 0.003 -26"><span class='ocrx_word' id='word_1_342' title='bbox 198 3029 452 3112; x_wconf 71' lang='lat' dir='ltr'>soricina</span> <span class='ocrx_word' id='word_1_343' title='bbox 495 3055 636 3097; x_wconf 85' lang='lat' dir='ltr'>vox,</span> <span class='ocrx_word' id='word_1_344' title='bbox 697 3054 802 3107; x_wconf 86' lang='lat' dir='ltr'>qua</span> <span class='ocrx_word' id='word_1_345' title='bbox 845 3036 1021 3086; x_wconf 73' lang='lat' dir='ltr'>emilsa</span> <span class='ocrx_word' id='word_1_346' title='bbox 1067 3037 1216 3087; x_wconf 84' lang='lat' dir='ltr'>sorex</span> <span class='ocrx_word' id='word_1_347' title='bbox 1261 3037 1626 3105; x_wconf 77' lang='lat' dir='ltr'>deprehensus</span> <span class='ocrx_word' id='word_1_348' title='bbox 1662 3039 1996 3092; x_wconf 84' lang='lat' dir='ltr'>confoditur.</span> 
     </span>
    </p>
   </div>
   <div class='ocr_carea' id='block_1_9' title="bbox 214 3102 1998 3251">
    <p class='ocr_par' dir='ltr' id='par_1_10' title="bbox 214 3102 1998 3251">
     <span class='ocr_line' id='line_1_41' title="bbox 214 3102 1998 3182; baseline 0.002 -25"><span class='ocrx_word' id='word_1_349' title='bbox 214 3105 453 3159; x_wconf 60' lang='lat' dir='ltr'>Sensus:</span> <span class='ocrx_word' id='word_1_350' title='bbox 495 3126 594 3178; x_wconf 86' lang='lat' dir='ltr'>ego</span> <span class='ocrx_word' id='word_1_351' title='bbox 650 3120 702 3159; x_wconf 89' lang='lat' dir='ltr'>te</span> <span class='ocrx_word' id='word_1_352' title='bbox 749 3104 1117 3182; x_wconf 73' lang='lat' dir='ltr'>confnffiorem</span> <span class='ocrx_word' id='word_1_353' title='bbox 1142 3102 1373 3180; x_wconf 76' lang='lat' dir='ltr'>faciam</span> <span class='ocrx_word' id='word_1_354' title='bbox 1426 3112 1628 3160; x_wconf 84' lang='lat' dir='ltr'>certius</span> <span class='ocrx_word' id='word_1_355' title='bbox 1682 3112 1998 3163; x_wconf 84' lang='lat' dir='ltr'>confodiam</span> 
     </span>
     <span class='ocr_line' id='line_1_42' title="bbox 215 3177 1997 3251; baseline 0.003 -25"><span class='ocrx_word' id='word_1_356' title='bbox 215 3194 382 3247; x_wconf 80' lang='lat' dir='ltr'>quam</span> <span class='ocrx_word' id='word_1_357' title='bbox 428 3177 578 3232; x_wconf 77' lang='lat' dir='ltr'>sorex</span> <span class='ocrx_word' id='word_1_358' title='bbox 614 3178 944 3238; x_wconf 75' lang='lat' dir='ltr'>confoditur,</span> <span class='ocrx_word' id='word_1_359' title='bbox 983 3180 1075 3248; x_wconf 82' lang='lat' dir='ltr'>qui</span> <span class='ocrx_word' id='word_1_360' title='bbox 1113 3194 1250 3230; x_wconf 80' lang='lat' dir='ltr'>voce</span> <span class='ocrx_word' id='word_1_361' title='bbox 1299 3179 1390 3230; x_wconf 88' lang='lat' dir='ltr'>sua</span> <span class='ocrx_word' id='word_1_362' title='bbox 1442 3183 1683 3251; x_wconf 87' lang='lat' dir='ltr'>prodidit</span> <span class='ocrx_word' id='word_1_363' title='bbox 1722 3182 1775 3231; x_wconf 85' lang='lat' dir='ltr'>se</span> <span class='ocrx_word' id='word_1_364' title='bbox 1804 3211 1874 3222; x_wconf 90' lang='lat'>—-</span> <span class='ocrx_word' id='word_1_365' title='bbox 1908 3200 1937 3243; x_wconf 46' lang='grc' dir='ltr'>ις</span> <span class='ocrx_word' id='word_1_366' title='bbox 1951 3200 1997 3242; x_wconf 83' lang='lat'>3.</span> 
     </span>
    </p>
   </div>
   <div class='ocr_carea' id='block_1_10' title="bbox 217 3249 2002 3401">
    <p class='ocr_par' dir='ltr' id='par_1_11' title="bbox 217 3249 2002 3401">
     <span class='ocr_line' id='line_1_43' title="bbox 219 3249 2001 3320; baseline 0.002 -21"><span class='ocrx_word' id='word_1_367' title='bbox 219 3249 473 3299; x_wconf 82' lang='lat' dir='ltr'>Polluces</span> <span class='ocrx_word' id='word_1_368' title='bbox 516 3250 658 3306; x_wconf 80' lang='lat' dir='ltr'>nihil</span> <span class='ocrx_word' id='word_1_369' title='bbox 706 3251 938 3320; x_wconf 85' lang='lat' dir='ltr'>amplius</span> <span class='ocrx_word' id='word_1_370' title='bbox 985 3267 1145 3318; x_wconf 85' lang='lat' dir='ltr'>quam</span> <span class='ocrx_word' id='word_1_371' title='bbox 1195 3251 1401 3302; x_wconf 69' lang='lat' dir='ltr'>Pollux</span> <span class='ocrx_word' id='word_1_372' title='bbox 1445 3283 1517 3292; x_wconf 88' lang='lat'>--</span> <span class='ocrx_word' id='word_1_373' title='bbox 1571 3272 1648 3313; x_wconf 73' lang='grc' dir='ltr'>ςα.</span> <span class='ocrx_word' id='word_1_374' title='bbox 1698 3254 2001 3304; x_wconf 72' lang='lat' dir='ltr'>Submamts</span> 
     </span>
     <span class='ocr_line' id='line_1_44' title="bbox 217 3318 2002 3401; baseline 0.004 -32"><span class='ocrx_word' id='word_1_375' title='bbox 217 3319 331 3373; x_wconf 83' lang='lat' dir='ltr'>vid.</span> <span class='ocrx_word' id='word_1_376' title='bbox 364 3318 517 3373; x_wconf 83' lang='lat' dir='ltr'>Cure.</span> <span class='ocrx_word' id='word_1_377' title='bbox 546 3323 660 3375; x_wconf 81' lang='lat' dir='ltr'>Act.</span> <span class='ocrx_word' id='word_1_378' title='bbox 679 3339 726 3385; x_wconf 86' lang='lat'>3.</span> <span class='ocrx_word' id='word_1_379' title='bbox 758 3340 811 3373; x_wconf 73' lang='grc' dir='ltr'>ν.</span> <span class='ocrx_word' id='word_1_380' title='bbox 829 3339 913 3387; x_wconf 81' lang='lat'>43.</span> <span class='ocrx_word' id='word_1_381' title='bbox 937 3350 1008 3362; x_wconf 78' lang='lat'>--</span> <span class='ocrx_word' id='word_1_382' title='bbox 1033 3324 1114 3385; x_wconf 82' lang='lat'>56.</span> <span class='ocrx_word' id='word_1_383' title='bbox 1139 3323 1290 3394; x_wconf 80' lang='lat' dir='ltr'>quod</span> <span class='ocrx_word' id='word_1_384' title='bbox 1313 3319 1586 3401; x_wconf 75' lang='lat' dir='ltr'>dicisolet</span> <span class='ocrx_word' id='word_1_385' title='bbox 1609 3341 1722 3377; x_wconf 80' lang='lat' dir='ltr'>rem</span> <span class='ocrx_word' id='word_1_386' title='bbox 1748 3325 1913 3376; x_wconf 84' lang='lat' dir='ltr'>habet</span> <span class='ocrx_word' id='word_1_387' title='bbox 1930 3351 2002 3366; x_wconf 87' lang='lat'>-·</span> 
     </span>
    </p>
   </div>
  </div>
 </body>
</html>
