2144 3554
198 221 276 277 24
769 211 859 262 ΙΝ4
895 213 1405 260 AMt’fflTRvoms

1401 307 1418 325 *x

132 350 144 362 ”
198 350 401 405 donare
430 382 478 394 -
510 368 625 413 137.
661 351 796 420 quid
819 351 924 399 hoc
939 347 1026 420 stt
1047 350 1513 408 hominismescio,
1553 349 1689 420 quid
1723 351 1791 401 de
1822 346 1988 404 vxere

198 443 320 478 mea
345 426 582 493 cogitem
607 420 665 463 —-‘
699 427 810 483 13'8.
851 423 999 471 intus
1029 415 1393 494 profiforas,
1432 422 1544 471 vid.
1563 420 1679 472 Cas.
1705 442 1747 472 2.
1774 441 1815 480 ς.
1836 442 1918 483 43.
1939 419 1987 463 —'

205 516 322 558 144.
348 498 551 546 cerrita
581 494 724 543 male
749 491 870 543 sana
904 490 1055 541 Men.
1088 513 1128 547 ς.
1151 509 1199 553 4.
1231 511 1274 542 z.
1318 487 1657 565 circumferri
1680 492 1988 544 lustratione

199 568 381 620 curari
419 597 466 605 —
511 583 622 626 ¹4<-
661 565 942 614 laruarum
988 563 1158 629 plena
1204 565 1361 614 malis
1409 566 1585 632 geniis
1633 574 1747 615 acta
1777 596 1824 626 ÷
1875 584 1986 617 κο.

199 637 511 709 praestigias
546 636 712 686 infert
747 634 951 692 oculis,
990 646 1101 683 arte
1138 633 1226 682 sua
1270 635 1415 691 faci-t,
1452 646 1510 683 vt
1543 635 1794 703 adparere
1826 637 1990 686 nobis

199 710 469 763 videatur,
505 707 654 775 quod
681 723 796 756 non
822 703 892 755 est
923 735 968 743 —-
1010 722 1119 766 ¹53·
1159 707 1272 754 Iam
1307 705 1519 756 dudum
1544 706 1738 770 Sofiae‚
1769 708 1800 754 si
1834 709 1992 761 Plau-

200 794 289 832 tus
331 779 609 836 voluiss'et,
658 780 717 827 in
764 789 1008 827 mentem
1054 776 1304 841 potuiss'et
1344 778 1560 835 venire,
1613 789 1675 826 vt
1717 779 1811 847 ips1
1862 780 1993 828 alter

202 850 578 903 interuenisset
631 849 800 907 Sosia,
857 848 922 899 sic
967 847 1162 896 herum
1208 858 1554 916 reperturum
1611 848 1712 897 effe
1763 850 1993 899 alterum

200 923 663 992 Amphitruonem
709 949 754 958 —
809 935 919 976 173·
965 919 1106 968 lecto
1150 919 1481 974 conuiuali„
1510 920 1751 969 triclinio
1787 950 1833 958 —-
1877 924 1989 982 176.

203 994 345 1044 lecto
394 992 722 1048 cubiculari,
782 989 951 1058 iugali
994 1018 1041 1027 -—-
1107 1007 1216 1049 ¹77·
1252 987 1557 1062 ⁴perdidg'fii
1587 1008 1715 1048 erne,
1775 993 1913 1058 perii
1948 1020 1995 1030 --

207 1071 325 1116 181.
357 1082 457 1133 pro
494 1062 752 1112 aduerbio
783 1055 949 1135 falso
994 1061 1185 1128 legunt
1224 1061 1448 1127 quidam
1473 1054 1642 1138 falsa
1692 1078 1826 1130 quae
1871 1060 1998 1111 falsa

203 1136 271 1186 ab
320 1137 504 1204 aliquo
552 1151 635 1193 es,
688 1133 813 1191 seu,
880 1148 1017 1202 quae
1057 1148 1147 1180 me
1188 1129 1329 1181 fallis
1358 1126 1582 1206 -salso
1617 1150 1755 1181 nom.
1794 1134 1995 1192 alieno,

205 1206 355 1275 quod
405 1222 556 1257 aures
599 1221 752 1254 meae
799 1219 950 1253 nunc
990 1203 1256 1271 respuunt
1301 1204 1440 1267 (Cic.
1474 1200 1698 1272 quidem
1738 1202 1997 1273 sequutus

207 1278 388 1346 scripsi
432 1294 592 1327 aures
637 1270 915 1351 respuunt)
952 1305 998 1312 —
1052 1283 1164 1324 182.
1203 1276 1392 1324 haeret
1428 1276 1564 1324 haec
1608 1293 1693 1324 res
1743 1273 1803 1322 fit
1847 1279 1999 1344 inpe-

207 1338 406 1406 ditior,
456 1349 761 1416 perplexior
789 1378 836 1384 -
853 1344 1130 1418 siquidem
1173 1347 1306 1405 haec
1350 1348 1460 1395 iam
1500 1346 1625 1396 mul.
1651 1339 1896 1420 factast
1932 1365 2002 1396 εει)

206 1422 331 1470 viro
359 1421 554 1488 Amph.
573 1457 601 1485 ⁹⁷
627 1435 791 1487 quem
815 1419 926 1468 Alc.
961 1417 1252 1485 adpellarat
1278 1419 1351 1466 mi
1377 1419 1470 1467 vir
1504 1419 1539 1468 i..
1557 1434 1603 1466 e.
1640 1418 1850 1478 marite,
1895 1419 2004 1469 hoc

207 1491 391 1541 mariti
444 1507 647 1540 nomen
698 1506 725 1538 a
762 1490 951 1539 vitiata
982 1488 1142 1539 &falso
1192 1489 1288 1538 [ibi
1337 1489 1508 1538 tribui
1559 1489 1797 1548 dixerat;
1861 1488 2005 1539 Sosia

209 1574 394 1613 autem
434 1565 548 1612 viri
585 1577 790 1612 nornen
830 1560 1035 1628 'adcipit
1069 1576 1166 1625 pro
1212 1562 1407 1618 maris,
1461 1573 1514 1610 et
1549 1557 1728 1610 iocose
1762 1561 2006 1620 coniicit,

210 1621 669 1702 Amphitruonem
708 1633 876 1701 igitur
922 1648 951 1679 e
994 1647 1141 1679 mare
1188 1629 1453 1680 feminam
1504 1643 1753 1698 oportere
1798 1629 2008 1682 factum

211 1692 363 1763 ess'e,'
397 1721 558 1773 quare
605 1705 675 1754 ob
715 1720 924 1753 nouum
967 1704 1085 1753 eius
1123 1700 1308 1752 sexum
1353 1717 1466 1751 non
1508 1701 1644 1751 dicit
1684 1703 1774 1751 hic
1797 1696 2008 1775 factus

214 1774 289 1850 est*
333 1774 420 1825 sed
462 1777 597 1824 haec
626 1768 808 1846 facta
846 1772 921 1850 esc'
959 1803 1006 1811 -
1053 1778 1165 1833 183.
1205 1792 1317 1842 qua
1357 1771 1520 1846 {staec
1558 1784 1804 1839 propter⁴
1828 1775 2018 1838 tmesis

211 1858 556 1915 quapropter
584 1844 741 1895 istaec
771 1877 818 1884 —-
853 1852 960 1907 184.
997 1854 1116 1894 tute
1147 1855 1207 1895 tu
1242 1844 1351 1912 ipsa
1382 1845 1596 1894 edictas
1632 1843 1837 1913 prodis,
1881 1843 2011 1896 fate·

212 1921 290 1968 'ris
328 1947 375 1956 -·
422 1923 528 1974 185.
563 1927 735 1966 tecum
775 1910 882 1989 fui
932 1916 1211 1966 concubui
1247 1946 1294 1954 —
1340 1923 1447 1970 187.
1481 1917 1614 1982 pud.
1643 1909 1838 1990 sumas
1877 1927 2006 1968 mut.

215 1991 460 2039 ironice:
533 1988 728 2039 [imiles
778 2001 918 2037 certe
974 1986 1331 2055 pudicitiam,
1383 2003 1517 2045 nee,
1569 1986 1711 2036 labsa
1763 1992 2010 2055 turpiter,

215 2058 502 2130 profiteare
538 2057 645 2126 ipsa
682 2089 727 2097 -
762 2063 871 2110 188.
911 2060 1064 2108 decet
1103 2066 1162 2108 vt
1204 2073 1456 2127 graecum
1501 2062 1711 2123 πρέπει,
1759 2076 1885 2109 curn
1925 2058 2013 2110 da-

215 2134 338 2184 tiuo
370 2161 417 2169 -
453 2129 621 2203 nostr⁸
659 2148 781 2195 gen.
822 2136 935 2179 non
969 2130 1151 2179 decet:
1202 2129 1480 2186 honestae,
1524 2130 1699 2197 qualis
1741 2146 1839 2198 ego
1873 2128 2010 2190 sum,

215 2219 330 2252 non
386 2201 541 2251 decet
603 2199 908 2250 istiusmodi
968 2201 1176 2250 factum
1232 2200 1510 2250 inlimilari
1555 2224 1601 2238 ⁴-
1659 2207 1768 2254 180.
1812 2212 2015 2268 captas

137 2320 150 2323 „⁷
218 2288 514 2341 coarguere
551 2272 634 2322 vis
671 2303 718 2312 --
747 2271 936 2322 Versus
972 2288 1080 2332 193.
1106 2289 1153 2329 4.
1193 2288 1296 2323 nec
1338 2274 1396 2320 in
1437 2270 1596 2320 codd.
1636 2287 1740 2321 nec
1787 2272 1846 2319 in
1891 2275 2016 2331 vlla,

217 2356 346 2394 ante
378 2344 669 2399 Merulam,
707 2342 952 2393 editione
979 2345 1343 2411 reperiuntur,
1385 2343 1579 2393 inlatae
1612 2344 1871 2410 primum,
1910 2360 2020 2395 vna

219 2433 348 2466 cum
389 2416 551 2465 tertio
597 2414 777 2481 aliquo
825 2414 1016 2473 versu,
1079 2430 1105 2462 a
1143 2412 1375 2483 Baptista
1418 2415 1549 2471 Pio,
1611 2429 1641 2462 e
1683 2413 1906 2473 codice,
1958 2426 2021 2466 vt

224 2485 393 2545 dicit,
433 2484 765 2554 reuerentiae
803 2484 959 2544 fidei,
997 2486 1150 2536 hunc
1190 2488 1250 2534 iu
1288 2485 1546 2536 modum:

299 2576 421 2645 AM}
466 2588 607 2658 quid
658 2588 855 2641 testes?
933 2593 1039 2641 AL.
1082 2586 1253 2645 testes.
1331 2589 1449 2639 AM.
1490 2566 1627 2653 quid
1683 2584 2052 2651 testicularits,

1289 2672 1290 2675 ¹
1457 2672 1571 2705 vno
1620 2654 1696 2706 sat
1742 2656 1830 2708 est.

295 2731 415 2780 Nec
443 2730 606 2780 nobis
644 2728 919 2798 praesente
960 2729 1154 2797 aliquis
1187 2727 1287 2783 nist
1330 2725 1513 2793 seruus
1542 2726 1833 2779 ,Africanus

295 2804 363 2852 In
396 2803 610 2852 actione
649 2796 819 2859 adest,
855 2802 888 2849 s1
922 2801 1072 2850 hunc
1101 2796 1693 2850 absentem’inuenerit
1723 2816 1879 2869 puer.

228 2901 577 2954 Camerarius
615 2917 798 2955 autem
839 2902 1022 2952 versus
1059 2903 1232 2953 medii
1268 2901 1452 2963 finem,
1495 2917 1550 2954 et
1582 2906 1804 2954 tertium
1842 2915 2025 2954 totum

230 2989 263 3024 e
311 2975 499 3025 Nonio
552 2973 910 3043 deprehendit
954 2972 1054 3024 effe
1101 2966 1413 3035 translat08‚
1478 2988 1531 3025 et
1574 2993 1673 3042 pro
1718 2969 2024 3046 Africanus

232 3043 416 3115 posuit
464 3044 615 3119 Sofia
644 3039 862 3118 adfui&
900 3060 1003 3094 nec
1044 3045 1225 3096 errasse
1260 3047 1401 3095 mihi
1432 3047 1708 3103 videntur,
1750 3049 1842 3115 qui
1882 3049 2024 3114 prio·
2094 3083 2099 3088 .

233 3132 321 3168 res
379 3133 597 3185 quoque
651 3116 834 3168 versus
880 3129 1139 3185 Vtrosque
1193 3118 1496 3168 inculcatos
1549 3118 1768 3167 aliunde
1812 3128 2024 3187 putant.

234 3187 580 3256 Ambiguitas
609 3186 776 3239 verbo
808 3189 866 3236 in
892 3188 1061 3238 verbo
1089 3187 1409 3262 tassio-ulan}
1437 3206 1470 3252 a
1492 3188 1748 3239 testiculis
1773 3187 2025 3246 formato,

237 3258 460 3330 persona
498 3260 911 3327 Amphitruonis
945 3257 1161 3327 prorsus
1200 3258 1271 3310 est
1304 3260 1545 3328 indigua.
1619 3255 1806 3311 Versus
1845 3275 2028 3311 tamen

235 3329 411 3381 medii
451 3331 605 3381 nobis
642 3325 931 3408 praesente
978 3330 1128 3400 apud
1173 3332 1301 3382 Ter.
1341 3347 1562 3402 quoque
1598 3331 1798 3403 legitur
1837 3361 1884 3372 -
1916 3346 2029 3398 197.
