2144 3554
1174 4 1187 26 t

244 183 357 249 198
760 194 767 200 ·
814 159 928 230 ”m
986 183 1377 228 nAecfflnvm

241 325 337 378 fies
375 322 700 374 fortunatior
729 348 800 361 --
857 334 936 367 21.
975 320 1148 368 iocum
1190 319 1383 369 Douza
1429 320 1690 388 explicat:
1741 323 1929 370 nenias
1957 350 2026 359 --

230 415 330 459 ις.
352 393 561 468 stabile
599 390 673 461 est
709 390 804 440 stat
841 389 1105 459 sententia
1140 408 1192 439 v.
1220 396 1296 442 18.
1395 450 1398 454 Δ

587 512 670 564 IN
736 510 1000 561 ACTVS
1048 511 1155 562 111.
1240 492 1590 561 SCENAM
1625 508 1686 560 v.

309 591 313 595 ’
351 602 393 636 1.
429 585 583 633 rebus
623 583 750 633 aliis
780 591 1104 633 anteuortar
1134 582 1275 631 nihil
1307 582 1445 631 mihi
1484 581 1587 631 erit
1615 581 1794 649 prius;
1830 577 2031 628 relictis

250 656 368 706 aliis
413 656 574 705 rebus
628 654 913 711 omnibuS,
973 653 1202 710 curabo,
1253 669 1391 720 quae
1430 651 1654 702 mandas
1704 679 1774 688 —
1834 669 1879 713 3.
1899 647 1957 724 st
1995 667 2030 699 a

218 745 331 798 Esnm
374 727 559 792 tetigit
593 725 817 775 mintius
859 724 926 774 ad
969 739 1098 776 eum
1138 725 1388 792 peruenit
1423 741 1476 774 v.
1501 742 1545 773 z.
1575 741 1617 774 2.
1653 737 1731 786 19.

564 844 648 893 IN
715 843 981 895 ACTVS
1036 845 1139 894 III.
1215 843 1561 895 SCENAM
1616 844 1715 893 VI.

361 917 408 962 8.
452 912 518 962 de
552 934 722 965 coena
758 914 1057 965 aduentitia
1100 915 1309 983 saepius
1346 916 1454 965 iarn
1493 942 1563 953 -—
1607 933 1745 984 quae
1774 929 1899 980 pro:
1953 926 2036 971 eo,

270 983 350 1048 >ui
403 1000 627 1036 coenam
678 985 854 1044 daret,
894 987 1073 1040 ,bilem
1125 987 1264 1035 mihi
1316 996 1577 1036 mouente
1616 1014 1686 1024 --
1740 1001 1816 1043 13.
1853 984 2039 1050 lingua
2137 1039 2140 1042 ⁴

240 1000 481 1126 stactiofi
524 1056 860 1126 promiss'ores
901 1073 1099 1126 magno
1146 1057 1326 1115 hiatu,
1379 1058 1500 1125 qui,
1549 1056 1752 1123 rogati,
1806 1054 1942 1103 nihil
1971 1046 2055 1127 se.

258 1142 367 1174 non
385 1122 660 1247 Zfacturos
690 1128 790 1178 effe
822 1129 1165 1196 pollicentur.
1197 1159 1265 1167 --
1289 1123 1584 1204 sublefium
1623 1126 1838 1177 Nonius
1878 1126 2042 1193 expli·

260 1208 347 1244 cat
410 1193 833 1273 eue‚friuolum‚
872 1199 1075 1249 Festus:
1118 1210 1292 1258 tenue,
1330 1198 1615 1274 infirmum.
1654 1196 1936 1255 Pers.3.1.
1960 1213 2039 1244 το.
2119 1201 2144 1237 Δ

258 1265 392 1316 fides
425 1264 724 1347 sublestior
759 1273 932 1339 magis
978 1270 1170 1320 friuola
1202 1300 1272 1309 -—
1320 1287 1394 1324 ις.
1430 1270 1499 1321 ob
1547 1267 1715 1336 ipsam
1767 1268 2043 1335 ignauiam

258 1335 405 1388 suam
453 1357 565 1391 non
607 1342 997 1412 adsequuntur,
1051 1344 1140 1391 cni
1183 1339 1422 1391 inuideri
1468 1336 1721 1409 poffit—
1766 1342 1840 1388 16.
1884 1339 2044 1388 medi·
2115 1365 2121 1379 ·

259 1419 379 1458 tate
403 1421 553 1462 tenes
584 1414 675 1470 ita,
715 1424 774 1463 vt
805 1415 974 1462 multa
1014 1412 1243 1462 videaris
1283 1429 1343 1461 ea
1381 1410 1447 1459 de
1482 1427 1541 1461 re
1575 1410 1894 1468 meditatus;
1935 1405 2047 1477 ipse
2125 1405 2144 1467 ῥ’

261 1481 382 1529 talis
423 1499 506 1541 es,
549 1500 672 1552 ergo
710 1500 888 1532 mores
929 1482 1248 1532 inmidorum
1297 1484 1734 1550 ignauorumque
1780 1482 1899 1530 noti
1947 1480 2049 1530 tibi
2118 1507 2137 1542 ,ν

263 1550 386 1601 sunt
417 1582 488 1592 --
537 1560 610 1604 18.
650 1548 812 1606 Nulli
850 1567 904 1604 et
940 1552 1155 1603 datium
1198 1553 1296 1602 effe
1334 1551 1504 1622 potest
1546 1552 1684 1601 nulli
1715 1553 1945 1609 homini,
1996 1560 2050 1600 et

262 1623 668 1680 nominatium.
742 1628 835 1694 qui
889 1625 1187 1674 amicitiam
1248 1623 1416 1675 modo
1472 1624 1662 1673 fimilat
1711 1625 1916 1674 amicus
1974 1620 2049 1696 est
2124 1667 2144 1690 l.

263 1693 445 1744 nullus
482 1725 553 1735 -—-
597 1715 674 1745 20.
717 1713 882 1765 quern
925 1707 1073 1745 ratus
1113 1696 1230 1744 sum
1278 1695 1378 1744 esse
1419 1697 1657 1744 amicum
1701 1694 1840 1742 mihi
1885 1704 2050 1761 atque

265 1764 300 1812 i.
325 1780 369 1813 e.
420 1785 587 1836 aeque
630 1777 796 1834 atque
844 1784 956 1818 non
1006 1767 1218 1823 minus,
1277 1783 1442 1834 quam
1487 1765 1597 1834 ipse
1646 1767 1852 1815 amicus
1909 1765 2050 1815 mihi

265 1832 383 1883 sum
408 1866 479 1877 --
515 1856 593 1888 22.
627 1840 819 1902 copias
849 1857 1026 1888 omnes
1053 1855 1217 1894 meas,
1247 1853 1410 1906 quam
1450 1853 1549 1905 ego
1588 1836 1638 1886 ei
1677 1838 1890 1905 copiam
1924 1835 2049 1895 feci,
2110 1837 2116 1840 ’

267 1906 554 1958 Bacchidis
598 1906 929 1967 noscendae,
981 1925 1098 1958 eam
1135 1910 1459 1957 adem-atum
1493 1908 1701 1966 habuit,
1753 1911 1811 1956 in
1845 1924 1933 1969 me
1974 1908 2050 1955 in-

270 1979 566 2028 conciliare
603 1980 778 2035 abuti,
825 1981 891 2031 ad
930 1997 1018 2031 me
1053 1978 1456 2048 decipiendum.
1499 1979 1652 2028 Trin.
1688 1997 1728 2029 ι.
1759 1997 1801 2028 2.
1830 1995 1911 2041 09.
1952 1976 2052 2027 est:

270 2049 670 2126 inconciliastin
724 2069 879 2108 eum,
937 2067 1122 2101 nonne
1172 2068 1267 2119 per
1324 2046 1511 2100 dolum
1565 2049 1854 2118 decepisti?
1911 2047 2051 2100 Pers.
2129 2061 2143 2089 fv

276 2136 319 2180 ς.
352 2137 394 2170 2.
431 2139 507 2181 53.
563 2125 831 2190 quianon
871 2123 1248 2173 inconcilianit
1287 2137 1401 2169 non
1439 2115 1744 2170 fiduersatua
1784 2121 1925 2171 mihi
1962 2119 2049 2172 est.

270 2190 423 2240 Most.
451 2209 494 2251 3.
529 2210 568 2241 ι.
597 2194 678 2243 86.
720 2211 788 2243 ne
824 2194 1172 2244 inconciliare
1209 2192 1344 2262 quid
1378 2209 1477 2242 nos
1515 2191 1765 2261 postules,
1805 2193 1840 2242 i.
1863 2210 1910 2244 e.
1951 2195 2054 2242 ini·
2117 2208 2131 2214 “

271 2262 498 2330 ηιὶεεηᾙ,
549 2265 770 2315 inritare
818 2294 889 2304 --
940 2282 1017 2326 ις.
1065 2258 1246 2317 tecum,
1295 2281 1510 2314 orarem,
1559 2260 1676 2313 Cas.
1709 2281 1753 2314 2.
1789 2281 1834 2324 ς.
1869 2266 1946 2315 16.
1983 2292 2055 2302 --

261 2349 358 2401 ¹27.
398 2331 581 2400 aliquo
628 2347 798 2400 pacto
850 2339 1194 2405 quacumque
1238 2335 1447 2384 ratione
1497 2345 1684 2404 potero
1713 2362 1784 2372 --
1825 2352 1904 2396 35.
1943 2333 2057 2402 post

276 2401 600 2481 mandaffem
634 2406 736 2456 tibi
771 2423 866 2475 pro
903 2408 1047 2476 [igno
1085 2405 1636 2475 interrogandipone
1670 2421 1899 2464 comma,
1939 2407 2056 2456 iun-

276 2475 517 2540 gendum
551 2476 699 2525 enim
737 2475 834 2550 nisi
872 2478 1153 2544 obciperes
1175 2506 1246 2516 --
1287 2480 1363 2531 36.
1392 2493 1505 2527 non
1531 2488 1592 2526 ta
1624 2487 1678 2528 te
1702 2476 1798 2526 sed
1831 2487 1893 2527 tu
1929 2494 2058 2528 cum

276 2556 330 2595 te
363 2548 618 2597 enclitico
652 2558 769 2597 tute
794 2578 863 2588 --
898 2567 979 2597 me
1006 2550 1114 2598 ires
1147 2567 1246 2598 con
1277 2548 1445 2598 ultum
1487 2550 1559 2597 ita
1594 2548 1846 2616 antiquos
1877 2547 2058 2598 dixiffe

278 2615 458 2666 Festus
487 2618 663 2676 docet,
701 2636 797 2687 pro
821 2621 952 2668 mihi
975 2620 1081 2669 ires
1109 2635 1211 2669 con
1238 2620 1417 2668 ultum
1442 2648 1514 2658 --
1542 2625 1620 2680 38.
1646 2618 1797 2669 vltro
1823 2632 1882 2668 tu
1909 2621 2059 2687 prior

282 2706 363 2739 me
386 2689 665 2756 prolectas
684 2691 907 2756 probris
932 2706 1216 2759 prouocae,
1235 2687 1454 2740 laceffis.
1508 2689 1746 2758 Quidam
1764 2691 2056 2757 proiectas.

624 2810 712 2860 IN
771 2809 1038 2861 ACTVS
1087 2811 1183 2863 IV.
1258 2810 1604 2862 SCENAM
1647 2810 1703 2871 μΙ.

392 2893 434 2935 ς.
475 2897 591 2929 cum
635 2880 737 2929 illa
775 2882 1047 2933 Bacchide
1088 2901 1262 2950 vsque
1302 2885 1543 2933 multum
1581 2898 1676 2950 per
1716 2891 1930 2948 tempus
1972 2878 2062 2952 isti

285 2945 456 3005 inisti,
497 2950 648 3001 fimul
685 2950 952 3012 versatus,
991 2953 1267 3019 profectus
1294 2970 1366 3003 es.
1411 2967 1471 3003 tu
1496 2953 1686 3003 militis
1718 2949 1900 3000 seruus
1932 2966 2061 3000 cum

284 3020 454 3068 amica
486 3021 677 3072 militis
718 3022 878 3073 Samo
909 3023 1052 3074 inisti
1078 3024 1314 3081 Athenas
1351 3025 1506 3073 fimul
1526 3052 1597 3063 --
1630 3026 1678 3073 6.
1706 3041 1842 3090 qnae
1865 3023 2061 3073 karum
2122 3064 2133 3069 -

270 3081 410 3163 szmt
433 3092 598 3141 aedes
623 3092 769 3160 pulta
798 3094 974 3152 aedes,
998 3111 1133 3162 quae
1152 3095 1351 3148 harum
1378 3093 1516 3144 sunt.
1558 3091 1676 3145 seu:
1716 3110 1850 3162 quae
1875 3093 2064 3142 harum

287 3159 504 3208 aedium
554 3164 717 3212 aedes
770 3167 881 3216 eius
901 3161 1059 3241 sinit,
1100 3166 1263 3232 pulta
1291 3194 1361 3205 ---
1397 3184 1444 3225 7.
1486 3166 1716 3216 dierecte
1766 3166 1823 3213 in
1867 3164 2066 3213 malam

286 3245 432 3354 ἒεηι,
480 3230 547 3281 ad
587 3249 824 3287 crucem.
879 3237 993 3290 vid.
1031 3236 1185 3309 Capt.
1215 3254 1259 3299 3.
1288 3253 1339 3302 4.
1373 3253 1486 3300 103.
1525 3264 1597 3276 --
1632 3234 1962 3307 propudium
2005 3250 2059 3286 ν.

334 3316 448 3353 ure.
477 3319 521 3354 1.
552 3320 600 3366 3.
632 3321 714 3369 34.
