2144 3554
244 201 274 254 3
293 190 360 248 18
509 204 517 250 j
917 192 989 238 m
1054 163 1337 242 romvn

242 334 450 389 dicunt,
489 327 636 399 quod
661 331 813 382 Men.
842 330 1183 395 Prol.49.-ad
1218 349 1294 391 ςς.
1329 355 1401 370 ω·-
1441 331 1523 382 86.
1558 333 1885 402 Magaribus
1922 333 2014 392 alii

242 404 596 471 ll‘Iagalibus:
632 404 783 454 locus
808 404 864 453 in
894 402 1003 472 ipsa
1030 402 1159 451 vrbe
1191 400 1513 470 Carthagine
1546 410 1688 474 apud
1707 409 2015 477 Appianum

235 480 299 528 in
339 475 563 527 Punicis
602 487 829 524 vocatur
881 474 947 524 τοὶ
993 471 1219 539 Μέγκροι.
1319 474 1479 523 Horti
1528 478 1683 529 fuiffe
1738 480 2014 540 videntur,

238 548 386 598 vnde
419 545 629 615 puellae
665 544 1002 595 ambulantes
1048 558 1172 592 cum
1219 549 1431 594 nutrice
1465 540 1751 618 subreptae
1787 548 1910 602 sunt
1945 581 2017 590 .-

239 625 324 679 87.
347 616 698 670 Anactorium
721 615 1047 665 Acarnaniae
1073 614 1339 683 oppidum
1356 642 1426 654 —-
1456 634 1537 679 90.
1549 615 1868 695 sacerrnmo
1886 635 2015 692 prae

238 691 429 741 ceteris
473 685 783 743 detestabili,
820 686 1130 736 exsecrabili
1163 713 1234 723 ——
1273 703 1356 742 0²·
1396 690 1482 737 cui
1509 694 1661 759 Lyco
1688 692 2011 766 nomenfie't,

235 755 343 811 1100
376 758 599 828 quidem
644 759 851 807 comice
896 768 1108 815 tantum
1141 754 1366 815 addidit,
1407 776 1469 808 ex
1505 763 1729 812 nomine
1763 766 1911 814 enirn
1945 765 2012 815 (le

234 832 477 882 moribus
500 830 738 878 hominis
763 830 1072 879 coniectura
1095 826 1210 885 fieri
1233 830 1440 896 nequit.
1503 834 1611 882 Hic
1636 845 1816 884 tamen
1834 838 2012 900 Lycus

233 920 361 952 vere
400 913 508 950 erat
547 901 638 949 vir
663 895 762 974 sui
787 902 1034 956 nominis,
1074 899 1133 949 vt
1166 899 1477 967 Spartianus
1509 905 1790 954 hominem
1830 918 2007 964 vocat,

233 975 391 1023 cuius
427 972 709 1040 ingenium
749 988 875 1020 cum
928 969 1224 1039 significatu
1277 973 1520 1024 nominis
1568 978 1837 1044 congruit,
1889 996 1942 1027 V.
1962 994 2008 1028 c.

232 1047 588 1113 Imperatores
629 1043 968 1091 Pertinacem
1004 1054 1161 1109 atque
1198 1044 1478 1103 Seuerum,
1523 1057 1682 1113 atque
1719 1049 2009 1100 Terentius

230 1117 372 1166 Eun.
393 1134 436 1175 3.
459 1133 501 1163 2.
524 1132 569 1172 7.
594 1113 956 1170 Gnathonem,
979 1113 1266 1179 parasitum
1293 1113 1680 1171 edaciffimum,
1709 1137 1775 1168 ατ
1798 1121 2011 1169 nomine

231 1198 422 1237 natum
462 1184 598 1235 dicit
629 1213 699 1223 --
734 1202 816 1246 9³.
846 1183 1055 1258 quaesti
1088 1183 1332 1252 quaestus
1360 1211 1426 1223 -—-
1469 1189 1550 1250 96.
1592 1187 1824 1264 efflictim
1860 1193 2009 1256 perit

230 1258 429 1326 Amph.
455 1274 494 1305 1.
529 1273 572 1315 3.
607 1272 682 1314 19.
726 1251 962 1329 efflictim
1009 1256 1223 1320 deperit
1265 1257 1618 1309 vehementer
1662 1273 1815 1311 amat.
1892 1260 2008 1313 Cas.

228 1330 372 1380 Prol.
393 1335 452 1391 48
485 1326 572 1396 sq..
604 1325 674 1376 est
712 1322 896 1380 cimaere
943 1323 1175 1400 efflictim
1210 1354 1280 1364 ——
1341 1344 1450 1376 101.
1503 1340 1728 1396 tangere
1775 1332 2007 1399 aliquem

200 1446 210 1457 ‚v
230 1400 377 1458 bolo,
420 1409 478 1449 vt
499 1398 546 1446 T
549 1414 727 1456 ruc.4.
755 1416 800 1456 3.
820 1416 900 1455 70.
933 1393 1197 1447 mulctare
1227 1397 1458 1465 aliquem
1490 1399 1631 1459 bolo,
1667 1401 1763 1452 est:
1805 1401 2007 1461 fallere,

230 1471 495 1538 decipere,
530 1480 590 1516 vt
616 1479 670 1517 te
698 1471 858 1535 tetigi
882 1471 1117 1534 triginta
1139 1470 1299 1517 minis
1334 1468 1494 1536 Epid.
1520 1488 1562 1531 ς.
1593 1492 1637 1522 ².
1664 1491 1747 1535 40.
1777 1503 1848 1528 —-,
1891 1483 2002 1526 108.

227 1541 433 1616 postibi
467 1538 821 1597 Cist.2.3.76.
867 1569 937 1578 --
989 1540 1141 1588 ducit
1185 1549 1393 1588 noctem
1433 1556 1577 1599 non,
1637 1557 1698 1593 vt
1739 1547 2010 1613 voluptati

228 1607 508 1682 in'dulgeat
541 1609 824 1674 (incestum
864 1611 1014 1660 enim
1057 1611 1398 1660 committere
1437 1612 1686 1664 incautus
1710 1615 2008 1683 ,potniffet)‚

225 1684 319 1736 sed
354 1696 415 1733 vt
445 1693 665 1752 quaerat
694 1698 757 1730 ex
789 1683 873 1739 iis,
912 1700 979 1731 an
1023 1680 1089 1731 de
1114 1679 1597 1747 filim-aminarum
1639 1684 1776 1736 sorte
1810 1686 2008 1755 poffint

226 1774 354 1807 eum
381 1754 557 1815 facere
585 1753 866 1804 certiorem
902 1782 974 1791 —
1019 1770 1034 1800 1
1054 1755 1130 1803 16.
1162 1771 1272 1810 ¹¹7·
1289 1749 1348 1825 fi
1384 1754 1838 1817 terzetis‚'.dnm·te‚
1875 1778 2013 1810 caue

227 1827 575 1892 dirumpatis.
610 1823 820 1874 adludit
867 1824 1126 1875 hocloco
1169 1822 1235 1872 ad
1281 1823 1470 1875 ludum
1528 1845 1861 1896 puerorum,
1913 1832 2007 1898 qui
2081 1817 2087 1826 ¹

226 1899 500 1960 ducebant
548 1895 809 1962 sparteam
854 1894 1060 1951 restem,
1108 1906 1162 1944 et
1199 1909 1310 1946 tam
1345 1895 1439 1945 diu
1479 1899 1775 1951 trahebant,
1829 1900 2006 1952 donec

223 1981 317 2019 aut
345 1980 674 2038 rumperent,
724 1979 815 2015 aut
846 1968 1114 2026 alteruter,
1151 1967 1333 2017 omissa
1366 1966 1515 2018 funis
1543 1970 1910 2039 prehenfione,
1947 1966 2005 2022 in

222 2054 376 2093 nates
408 2039 633 2090 caderet.
693 2038 930 2107 Scaliger
952 2066 1023 2075 -—-
1055 2055 1164 2095 ης.
1199 2037 1440 2088 ornabor
1465 2055 1518 2092 et
1554 2044 1662 2091 126.
1697 2043 1840 2092 alius
1866 2062 2006 2093 nunc

219 2112 346 2184 fieri
379 2110 536 2174 volo:
575 2109 795 2179 Prologi
831 2110 1076 2178 partibus
1112 2111 1361 2179 peractis,
1406 2111 1513 2164 alio
1549 2126 1742 2165 ornatu
1777 2115 1907 2164 alias
1942 2116 2004 2164 in

220 2185 324 2234 hac
348 2182 531 2235 fabula
571 2193 744 2250 partes
779 2197 1048 2250 peragam.

573 2322 659 2372 IN
722 2321 992 2373 ACTVS
1046 2323 1087 2372 Ι.
1178 2320 1530 2373 SCENAM
1585 2319 1626 2372 I.

295 2402 355 2455 ¹27
385 2392 452 2445 ad
481 2410 528 2452 e.
573 2393 640 2443 de
672 2404 856 2443 vetere
898 2394 1080 2444 verbo*
1107 2388 1198 2442 seu
1231 2393 1528 2461 prouerbio
1563 2393 1733 2443 sermo
1770 2389 1856 2453 est,
1894 2396 2001 2448 hoc

221 2482 371 2524 vero,
411 2467 610 2534 quibus
648 2467 704 2514 in
732 2466 910 2514 verbis
948 2466 1084 2523 infit,
1123 2464 1279 2514 valde
1310 2466 1624 2531 interpretes
1655 2461 1997 2519 dissentiunt.

220 2538 479 2591 Turnebo
507 2555 561 2587 v.
585 2554 626 2597 ς.
650 2539 696 2586 6.
736 2537 897 2585 latere
926 2536 1141 2586 videtur
1166 2537 1252 2585 in:
1293 2531 1476 2584 deberi
1509 2536 1809 2602 Milphioni
1842 2538 1998 2588 liber-

217 2618 385 2661 tatem
413 2620 466 2658 et
501 2616 691 2674 grates
721 2611 939 2672 gratias
971 2608 1085 2671 (vbi
1123 2616 1309 2673 grates
1340 2606 1608 2657 adiectiue
1647 2608 1864 2657 videtur
1903 2627 1998 2677 po-

217 2678 424 2743 lituni).·
490 2679 740 2728 Muretus
773 2680 858 2726 his
897 2681 955 2726 in
1000 2678 1182 2728 verbis
1217 2679 1568 2745 prouerbium
1608 2668 1768 2728 ineffe
1819 2694 1995 2748 negat,

217 2765 399 2800 vetere
443 2768 472 2799 e
518 2748 655 2799 libro
704 2749 886 2818 aliquo
933 2767 1032 2818 pro
1074 2748 1285 2798 obuiam
1327 2749 1372 2797 it
1408 2748 1538 2817 legit
1581 2750 1794 2799 obuiam
1835 2752 1901 2810 is,
1944 2765 1998 2801 et

216 2822 564 2888 prouerbium
613 2821 748 2869 dicit
813 2820 911 2869 ess'e
957 2822 1089 2871 hoc:
1134 2814 1336 2894 scitum
1384 2818 1486 2893 esi,
1544 2838 1646 2886 per
1700 2831 1910 2887 tempus
1938 2820 1998 2895 si

219 2891 433 2942 obuiam
467 2894 516 2942 is
560 2891 594 2941 i.
614 2908 659 2941 e.
695 2908 866 2958 quum
907 2891 1039 2960 quid
1079 2888 1382 2960 promisisti,
1426 2907 1538 2941 11011
1581 2891 2000 2958 exspectandum

218 2962 305 3019 est,
344 2962 473 3013 dum
512 2958 730 3031 rogeris,
773 2961 861 3012 sed
902 2962 995 3011 suo
1024 2974 1269 3030 tempore
1309 2961 1731 3016 obcurrendum,
1774 2964 1998 3014 obuiam

215 3034 475 3090 eundum,
516 3047 570 3083 et
598 3032 864 3101 promiffis
892 3032 1134 3084 standum
1161 3031 1247 3089 est,
1285 3032 1432 3100 quod
1469 3046 1528 3083 tu
1556 3049 1668 3080 non
1701 3031 1850 3089 facis,
1881 3037 1994 3102 qui,

211 3102 370 3174 saepe
412 3105 713 3155 libertatem
767 3103 906 3154 mihi
958 3105 1263 3173 pollicitus,
1318 3103 1458 3152 nihil
1511 3102 1733 3172 praestas
1786 3119 1995 3174 praeter

213 3192 460 3245 pugnosc
519 3175 660 3225 Cum
714 3175 821 3223 hoc
862 3177 1141 3225 Fontanus
1192 3172 1477 3223 consentit.
1515 3173 1765 3226 =Pistoris
1812 3190 1994 3227 autem

213 3243 570 3314 prouerbium
599 3245 761 3295 ineffe
789 3258 944 3313 putat
982 3264 1034 3296 v,
1053 3263 1100 3309 9.
1142 3246 1199 3294 in
1240 3263 1432 3310 gerrae
1465 3264 1770 3310 germanae,
1811 3260 1863 3297 et
1906 3265 1992 3297 ex·

210 3319 405 3385 plicat:
433 3312 639 3392 scitum
675 3317 858 3381 (bene)
897 3315 989 3390 ‘fi’
1027 3334 1128 3383 per
1153 3326 1362 3382 tempus
1389 3313 1437 3385 si
1471 3311 1687 3367 obuiam
1727 3319 1790 3375 it,
1827 3318 1861 3366 fi
1895 3314 1989 3368 suo
