2144 3554
512 95 513 98 ’
572 100 780 148 Acrvs
820 83 899 144 V.
959 98 1215 143 semum
1256 0 1395 144 11..P
1730 89 1847 149 287

75 261 128 296 v.
153 257 230 306 39.
270 241 471 295 coelum
487 232 783 316 splendere
811 232 1028 301 plenum
1058 260 1131 273 -
1158 230 1277 308 istic
1304 247 1521 303 peregre
1564 247 1647 294 35.
1674 228 1855 305 unslet·

76 312 358 372 imbricus,
401 314 499 374 ¹36.
547 306 750 379 fluctus
809 307 1036 365 conciti,
1114 309 1195 367 38.
1243 304 1400 356 nubis
1465 304 1682 369 (nubes)
1730 311 1853 352 ater

27 415 33 429 ι
74 382 430 449 (masculine).
501 369 636 431 A‘lii:
687 377 849 428 nubis
893 388 999 428 atra
1070 375 1349 446 imberque
1389 403 1462 414 -—
1511 392 1597 438 40.
1638 373 1852 441 religio-

74 474 192 507 nem
226 455 339 507 illic
371 452 580 505 obiecit.
653 449 932 514 Eutychus
967 464 995 497 a
1034 446 1188 501 versu
1220 452 1280 509 36
1319 446 1387 497 ad
1418 462 1480 511 39
1520 445 1736 497 coelum
1776 441 1881 514 sos

77 525 185 577 dali
219 521 518 577 monstraffe
547 520 793 575 videtur,
831 519 896 570 ab
928 535 987 569 ca
1025 530 1205 589 parte,
1242 535 1351 588 quo
1394 518 1485 567 ille
1516 514 1856 587 properabat,

0 609 1 617 ¹
76 584 327 661 nubilum
351 589 516 651 forte,
558 593 622 644 ab
653 592 810 643 altera
849 606 977 639 vero
1009 600 1185 660 parte,
1222 588 1367 641 vnde
1406 588 1682 659 fugiebat,
1716 583 1855 636 sere-

77 685 212 719 num
243 664 727 737 splendidumque,
764 662 964 730 quibus
999 661 1258 712 omnibus
1283 677 1315 724 a
1349 661 1476 731 fuga
1509 659 1562 710 se
1595 656 1856 712 deterreri

75 738 310 809 patiatur
341 764 411 775 —
452 738 534 795 46.
571 734 704 803 qnid
740 732 854 806 esi?
914 734 970 783 in
1010 724 1474 803 plerisque'codd.
1522 747 1638 782 non
1678 727 1750 779 est
1783 755 1855 766 —

76 815 161 867 ⁴8·
199 812 302 877 q‘uo
337 822 433 874 ego
466 804 587 858 loco
613 822 731 855 eam
759 803 859 856 effe
878 798 1000 880 scio
1038 831 1109 843 -—
1152 809 1228 861 ςό.
1262 804 1444 855 nullus
1467 804 1613 855 viuit
1641 817 1736 872 pro
1759 796 1853 876 est.

3 897 5 905 ¹
77 879 169 931 Sic
200 879 356 929 Tria.
377 896 422 928 2.
449 883 632 940 2.0189.
675 876 891 942 lepidus
925 877 1074 926 viuis
1104 891 1202 943 pro
1242 894 1313 927 es.
1382 876 1580 945 Amph.
1604 873 1747 927 Prol.
1768 889 1854 933 75.

75 952 312 1002 victores
348 950 534 1000 viuere
578 964 674 1015 pro
715 942 814 1021 effe
838 973 910 985 -·
953 963 1031 1010 59.
1061 957 1128 996 vt
1162 946 1293 1007 tibi,
1332 947 1430 997 nifi
1465 946 1855 1017 interpellatus.

80 1020 358 1073 additurus
393 1029 503 1070 erat
533 1019 786 1076 dicerem,
827 1034 989 1087 quam
1028 1034 1222 1069 vocem
1262 1018 1517 1068 nonnulli
1553 1019 1613 1067 in
1647 1027 1860 1069 textum

78 1091 418 1153 inseruerunt
451 1113 522 1129 -ι
571 1092 654 1141 61.
692 1089 1018 1140 amatoribus
1063 1090 1394 1159 quicumque
1435 1090 1587 1141 locus
1642 1087 1860 1139 videtur

79 1165 291 1233 pulcer,
347 1162 443 1212 vbi
484 1160 714 1213 amicam
754 1158 902 1211 suam
928 1156 1126 1209 versari
1159 1157 1343 1211 sciant.
1438 1160 1545 1210 Hic
1587 1159 1863 1211 Charinus

79 1233 243 1286 aedes
270 1230 447 1284 laudat
474 1232 681 1298 probas
715 1243 768 1281 et
798 1230 987 1295 pulcre
1011 1228 1354 1303 mdeste-atas,
1392 1247 1525 1288 non,
1565 1234 1693 1301 quia
1732 1230 1863 1281 talea

81 1305 182 1355 ess'e
217 1302 349 1369 scit,
381 1302 496 1364 fed,
519 1298 578 1374 fi
611 1314 671 1352 tu
708 1319 846 1351 vera
876 1302 1016 1351 dicis
1050 1302 1083 1351 li
1114 1319 1304 1353 verum
1336 1300 1434 1360 est.
1474 1301 1865 1371 Pasicompsam

8 1379 10 1435 ῗ
83 1379 142 1427 in
179 1377 247 1427 iis
282 1373 382 1426 effe
414 1402 486 1415 --
542 1375 626 1422 63.
663 1371 921 1445 vidg’slin,
969 1390 1039 1422 an
1093 1373 1161 1422 de
1206 1375 1401 1425 audito
1440 1375 1707 1426 nuntias?
1777 1370 1868 1425 δὴ)

81 1448 279 1499 Bacch.
305 1464 347 1507 3.
372 1450 515 1505 ς.6ς.
545 1445 679 1514 quin
714 1444 862 1501 vidi,
911 1459 1025 1494 non
1062 1462 1130 1493 ex
1168 1446 1363 1495 audito
1402 1461 1590 1515 arguo.
1678 1443 1870 1513 Aliqui

85 1521 152 1571 de
190 1519 415 1585 auditu„
459 1516 553 1566 alii
587 1516 779 1565 audita
813 1541 885 1552 --
923 1517 951 1564 6
962 1534 1006 1575 3.
1039 1516 1233 1583 inique.
1274 1534 1443 1583 rogas
1482 1515 1607 1568 [atie
1630 1518 1733 1568 tibi
1766 1512 1869 1566 ess‘e

44 1594 47 1599 “
126 1601 328 1647 oterat,
379 1603 500 1645 me,
554 1603 673 1637 eam
718 1587 796 1636 ibi
835 1584 964 1643 effe,
1026 1584 1243 1637 vidiffe:
1302 1587 1439 1658 quid
1494 1586 1708 1640 interest
1757 1599 1869 1646 tua,

83 1610 247 1718 Peste,
295 1677 323 1710 a
362 1674 470 1727 quo
508 1657 738 1708 adducta
777 1674 841 1706 eo
871 1656 970 1706 Iit?
1040 1656 1286 1709 Pudebat
1314 1676 1513 1727 nempe
1540 1659 1872 1725 Eutychum.

82 1731 270 1788 fateri,
307 1748 334 1781 a
370 1740 521 1799 patre
560 1726 653 1778 suo
687 1728 975 1778 adductam
1002 1744 1119 1777 eam
1151 1727 1280 1790 effe3
1319 1728 1593 1784 dimmilat
1624 1748 1771 1788 vero,
1822 1728 1874 1780 [e

83 1805 192 1856 hoc
223 1802 378 1856 [cire.
432 1800 684 1868 iniquum
731 1800 913 1868 potius
954 1799 1114 1856 dicit,
1156 1797 1397 1851 diffidere
1425 1819 1553 1854 eum
1590 1804 1714 1860 libi,
1757 1798 1876 1852 testi

30 1847 318 1936 docmate.
350 1898 422 1911 —-
457 1873 549 1938 66:
567 1870 806 1940 Quidam
837 1870 1038 1920 habent
1066 1869 1201 1944 {siue
1222 1875 1467 1923 nuntium
1492 1902 1564 1912 —
1599 1885 1738 1940 opta
1772 1884 1875 1924 ete.

55 1983 58 1986 -
88 1948 297 1997 iocatur
322 1940 624 1994 Charinus:
667 1940 779 2011 ipse
813 1942 1025 2011 optabis
1059 1960 1115 1992 ea
1151 1944 1318 2011 potiri
1353 1972 1425 1982 —
1461 1948 1545 2007 67.
1581 1947 1715 2014 quid
1754 1961 1879 1995 mea

36 1998 52 2026 ’λ
87 2016 309 2074 referet,
329 2008 389 2088 si
413 2014 616 2080 optabo
649 2041 719 2052 -—
752 2024 819 2063 vt
853 2013 931 2062 dii
972 2014 1084 2062 eius
1115 2014 1479 2084 Paficompsae
1502 2007 1737 2089 faciant
1773 2016 1880 2068 tibi

88 2088 410 2156 copiams—
446 2089 529 2149 69.
568 2095 822 2135 ornatum
858 2084 1231 2148 chlamydem,
1276 2103 1382 2156 qua
1422 2087 1644 2148 Graeci,
1678 2102 1736 2139 vt
1772 2089 1879 2140 lio·

87 2160 239 2214 mani
280 2156 532 2225 paenula,
577 2156 680 2206 iter
716 2155 978 2206 facientes
1007 2156 1297 2207 vtebantur
1331 2184 1404 2195 -
1440 2175 1523 2219 7¹.
1555 2171 1720 2229 atque
1743 2159 1881 2209 haec

90 2241 294 2286 cetera.
341 2227 540 2297 quibus
578 2226 645 2276 ad
680 2227 783 2277 iter
821 2226 1108 2278 instructus
1144 2224 1291 2289 sum,
1339 2230 1682 2282 machaeram
1719 2236 1880 2290 v.8,’.

42 2307 66 2348 ,ἐ-
92 2301 387 2370 ampullam
417 2301 498 2349 86.
524 2310 626 2348 ete.
657 2324 729 2336 --
770 2316 852 2355 72.
880 2300 1071 2356 itiner,
1121 2298 1265 2367 apud
1303 2300 1620 2353 Lucretium
1659 2318 1883 2371 quoque

50 2369 146 2423 stet
175 2374 468 2423 Varronem
500 2381 600 2420 ete.
643 2369 885 2421 obcurrit
924 2371 1178 2437 antiquus
1207 2373 1586 2424 nominatiuue
1620 2375 1814 2432 itiner,
1852 2390 1884 2423 a

94 2461 204 2512 quo
251 2442 463 2501 itineris
513 2444 616 2490 etc.
663 2440 814 2500 sunt,
870 2442 999 2492 licut
1044 2444 1107 2491 ab
1152 2442 1258 2491 iter
1305 2444 1421 2492 veni
1472 2443 1618 2495 casus
1673 2445 1887 2513 obliqui

95 2517 229 2578 itere
254 2527 355 2564 ete.
391 2515 735 2579 reperiuntur
771 2541 838 2548 —-—
879 2518 960 2562 80.
995 2522 1354 2563 commoratur
1382 2531 1487 2575 me,
1523 2532 1661 2584 quae
1696 2514 1885 2566 vidiss'e

93 2588 244 2641 vult,
296 2582 584 2639 confinxit,
643 2593 703 2630 vt
739 2583 1019 2633 abiturum
1066 2601 1154 2632 me
1196 2585 1426 2635 retineat
1471 2614 1545 2625 ——
1612 2594 1694 2648 84.
1738 2586 1891 2655 quod.

73 2657 258 2706 ·verba
279 2655 419 2705 mihi
445 2654 556 2704 dari
582 2651 730 2711 senfi,
753 2672 964 2712 zonam,
986 2656 1043 2701 in
1069 2670 1175 2723 qua
1188 2656 1422 2707 viatores
1446 2660 1736 2727 pecuniam
1760 2675 1889 2708 con·

97 2727 298 2776 debant
317 2722 530 2802 sustuli
561 2723 713 2774 sumli
754 2751 825 2762 -—
862 2732 944 2779 85.
976 2727 1317 2775 machaeram
1348 2728 1409 2776 in
1442 2731 1573 2780 vrbe
1597 2732 1746 2780 enim
1785 2746 1890 2780 nec
1924 2771 1930 2776 .

99 2798 292 2848 Graeci
335 2814 438 2847 nec
477 2798 713 2845 Romani
765 2796 1023 2864 gerebant
1071 2797 1313 2864 gladium
1348 2825 1418 2838 -—-
1466 2806 1550 2852 86.
1591 2801 1892 2867 ampullam

99 2884 195 2918 vas
234 2867 598 2926 venti-insum,
643 2868 869 2934 plenum
905 2868 1053 2926 oleo,
1096 2885 1205 2936 quo
1246 2868 1412 2935 pedes
1444 2872 1753 2940 vngebant,
1798 2888 1889 2922 an-

101 2952 323 3007 tequam
373 2939 579 2990 ealceos
643 2938 950 2988 induerent.
1048 2937 1382 3003 Hesychius:
1447 2941 1723 3008 ἠλείφοντο
1779 2962 1897 2998 τους

70 3009 258 3063 -πόδας
291 3007 332 3058 δι
372 3007 607 3074 α’ρχαιιόι.
659 3009 773 3073 πρὶν
805 3015 860 3060 το
900 3009 1265 3072 υποδήσασθαι.
1339 3011 1486 3063 Hinc
1521 3012 1666 3082 apud
1702 3024 1893 3080 poetas

52 3117 74 3146 ·›·.
99 3076 302 3144 λιπαροὶ
338 3078 503 3135 πόδες.
595 3078 827 3128 Perfius:
878 3081 990 3128 Iam
1036 3081 1221 3146 pueris
1258 3082 1453 3146 pellem
1493 3086 1734 3149 (zonam)
1775 3085 1893 3133 sub·

80 3149 314 3198 -cinctus
360 3158 414 3195 et
455 3150 820 3214 oenophorum
861 3150 1199 3217 (ampullam)
1248 3165 1396 3221 aptas
1431 3182 1504 3192 —
1554 3172 1638 3219 90.
1679 3157 1734 3203 in
1775 3172 1891 3203 cm·-

51 3216 220 3292 frum
261 3212 473 3292 escendi
510 3219 546 3269 i.
569 3235 620 3288 q.
661 3217 930 3272 adscendi.
967 3220 1119 3270 Men.
1139 3238 1186 3285 5.
1208 3241 1254 3273 2.
1277 3240 1390 3277 110.
1429 3224 1529 3276 eft:
1578 3225 1638 3273 in
1670 3240 1890 3276 currum
