2144 3554
264 174 381 231 208
525 180 594 223 m
643 148 1036 223 naccnmvm
1092 177 1300 219 AC‘rvs
1327 161 1401 219 V.
1450 178 1708 222 scamni
1743 165 1817 224 11.

262 314 623 367 metuendum
653 311 814 363 nobis
855 312 914 362 fit
936 337 1009 352 -—
1050 327 1130 361 21.
1166 311 1271 360 hae
1305 327 1433 362 oues
1474 328 1593 363 nos.
1665 310 1794 363 Non
1823 332 2043 385 magno-

261 404 391 458 pere
425 385 763 436 Nicobulum
806 383 1003 444 iratum
1042 379 1196 431 fuiffe
1239 394 1482 450 oportet,
1551 386 1648 453 qui
1702 385 1760 432 in
1799 386 2046 454 allegoria

261 459 442 528 pergit
466 486 534 494 ---
574 473 652 518 24·
682 470 946 524 perquam
973 451 1156 522 lepide
1186 452 1503 521 deprecatur
1532 457 1726 504 minas.
1765 455 1877 506 vid.
1904 459 2041 508 Pers.

269 547 312 582 ς.
351 549 395 579 ι.
437 528 516 588 36.
555 539 608 577 et
642 555 713 565 --
770 522 1180 594 25..,p(»udenter
1223 525 1518 584 ‹lisfimilat‚
1554 525 1623 583 se,
1660 542 1754 576 cur
1788 530 2044 586 minetur,

262 599 395 650 scire
420 628 491 638 —-
527 599 605 647 26.
644 614 711 648 no
737 608 856 646 tros
886 611 1064 660 agnos
1096 593 1238 645 filios
1263 624 1334 634 --
1362 592 1647 672 conclusos
1672 597 1797 666 agni
1826 597 2046 655 infirmi,

263 683 318 722 et
359 685 517 722 curae
564 667 922 736 diligentioris
958 677 1206 733 egentes,
1256 666 1407 717 domi
1449 669 1821 719 retinebantur
1869 671 2045 719 clausi.
2124 681 2127 685 “

259 743 408 810 Virg.
449 740 563 789 Ecl.
594 756 641 802 7.
679 758 731 788 V.
757 755 831 799 ις.
880 734 1129 804 depulsos
1173 753 1202 785 a
1246 736 1381 788 lacte
1420 738 1572 789 domi
1606 756 1741 808 quae
1779 741 2048 790 clauderet

261 828 426 882 agnos
461 839 533 850 --
589 810 830 859 mordax
866 810 1016 857 canis
1064 805 1352 871 Chrysalus
1386 825 1439 858 v.
1467 814 1552 872 48.
1591 838 1662 868 5——
1719 828 1799 872 30.
1824 807 2045 888 secreto

262 884 419 952 Capt.
443 900 487 932 2.
519 898 561 931 1.
602 897 678 941 17.
706 877 833 952 fine
870 879 1100 940 arbitris
1135 879 1300 946 loqui.
1360 879 1492 934 Ter.
1526 882 1658 932 Hec.
1702 899 1741 932 ι.
1777 901 1822 933 2.
1858 900 1936 947 39.
1994 894 2046 932 te

255 953 434 1005 solum
462 952 710 1002 seducam
735 979 806 1013 f-7
836 965 927 1009 31·
959 965 1057 1018 pro
1085 949 1402 999 vitet-iorem
1426 951 1807 1011 Philoxenum,
1832 954 2047 1023 longius

258 1023 569 1093 abstante—m,
604 1018 907 1072 Priscianus
940 1022 1072 1088 legit
1100 1022 1420 1070 vetet-iorem
1442 1049 1513 1060 —-
1562 1041 1583 1082 3
1598 1041 1643 1082 3.
1672 1034 1900 1074 mortem
1940 1043 2044 1073 am-

253 1097 480 1165 plexari
516 1093 699 1143 senem
734 1092 1169 1149 acherunticum‚
1213 1105 1428 1142 mortuo
1467 1109 1633 1162 quarn
1677 1097 1809 1147 vino
1835 1095 2047 1146 similio-

258 1186 375 1230 γεω
399 1196 472 1223 -.-
525 1182 605 1228 39.
647 1181 773 1215 aues
808 1158 958 1238 visco
999 1173 1187 1212 tactae
1224 1163 1343 1213 sunt
1386 1176 1572 1232 captae
1607 1193 1680 1204 -—
1728 1184 1812 1226 40,
1851 1183 2046 1217 coxen-

260 1241 434 1291 dicem
481 1233 630 1305 fodi,
688 1246 751 1285 vt
814 1251 954 1305 equo
999 1235 1251 1293 'afinoue,
1324 1233 1560 1303 serpenti
1609 1237 1824 1305 potiuS,
1882 1251 2047 1308 quam

261 1310 418 1362 eunti
452 1336 524 1347 -—
570 1324 655 1371 4²·
696 1306 848 1356 haud
893 1305 1043 1354 mala
1076 1304 1364 1362 deformis,
1405 1307 1684 1365 inuenusta
1710 1337 1781 1345 -—
1836 1325 1921 1370 43.
1954 1309 2052 1376 pol

258 1380 406 1431 mala
437 1379 667 1447 inproba
701 1406 773 1416 --
830 1393 914 1440 47.
949 1371 1339 1451 perficafirdces
1375 1377 1791 1430 Fortunatianus
1837 1381 1974 1431 rhet.
1999 1398 2044 1438 3·

259 1453 421 1502 dicit:
461 1450 815 1516 δυσπρόφορον
849 1446 936 1505 est,
975 1447 1008 1494 fi
1038 1465 1160 1515 qms
1199 1448 1346 1498 dicat
1376 1444 1785 1522 petfizafirices.
1821 1450 2049 1525 praesti—
2129 1483 2141 1502 <.

255 1523 538 1591 giatrices‚
586 1529 745 1587 atque
788 1518 1119 1567 induc-trices
1155 1544 1228 1556 —-
1284 1534 1369 1581 49.
1409 1523 1669 1584 experior
1721 1531 1892 1572 tecum
1938 1524 2051 1572 vim
2126 1520 2144 1551 ·'

261 1596 515 1643 ‘rnaiorem
550 1590 642 1639 alii
688 1590 1008 1657 intelligunt
1040 1590 1347 1638 vindictam
1387 1591 1680 1657 publicam,
1720 1594 1812 1645 alii
1842 1593 2049 1643 violen-

258 1667 413 1722 tiam,
458 1677 595 1731 quae
634 1676 750 1711 non
781 1661 913 1719 iure,
948 1658 1040 1708 sed
1077 1658 1218 1710 facto
1256 1657 1488 1712 infertur
1517 1692 1586 1708 -ε-
1623 1666 1707 1712 62.
1739 1665 1836 1715 vbi
1869 1666 2051 1731 lepide
2133 1706 2138 1711 .

258 1734 543 1804 excipiaris
580 1760 652 1771 «-
706 1734 790 1793 63.
813 1726 965 1807 satis
1011 1732 1120 1781 iam
1167 1729 1342 1804 vqfiri
1399 1752 1425 1782 e
1452 1746 1473 1783 t
1508 1734 1778 1786 conuiuii!
1832 1736 2050 1787 satiatus

259 1811 371 1858 iam
413 1803 586 1856 vestro
635 1800 757 1852 sum
797 1798 1091 1854 conuiuio!
1120 1830 1193 1840 -
1241 1821 1323 1852 me
1354 1803 1492 1855 mliil
1522 1808 1796 1871 poenitet,
1851 1818 1919 1858 vt
1946 1805 2049 1879 fim

254 1879 524 1944 adceptus
556 1889 672 1923 non
710 1873 1054 1943 querendum
1097 1874 1238 1923 mihi
1279 1876 1398 1932 erit,
1451 1891 1550 1927 vos
1588 1877 1824 1945 inpensis
1864 1895 2050 1947 peper-

254 1951 376 2001 ciss'e
417 1949 476 1996 in
513 1947 844 1997 conuiuium
887 1944 1171 2002 faciendis,
1222 1963 1330 2014 quo
1371 1962 1399 1994 a
1442 1949 1599 1998 vobis
1641 1947 1946 2016 adciperer!
1978 1977 2049 1989 -

254 2023 341 2083 64.
391 2018 869 2069 circumduxerunt
919 2013 1309 2066 fraudauerunt
1345 2045 1416 2055 --
1468 2020 1552 2077 67.
1598 2020 1715 2068 isne
1767 2019 1946 2071 ibisne
1976 2048 2047 2058 —-

254 2093 341 2156 69.
372 2087 502 2158 fine,
522 2085 644 2161 stc!
678 2086 737 2140 ro*
794 2106 845 2139 ιε
882 2086 1069 2137 histrio
1105 2087 1250 2156 gestu
1301 2087 1545 2140 ferientis
1591 2089 1851 2143 adiuuiffie
1897 2089 2045 2142 vide-

251 2175 341 2212 tur
367 2190 438 2200 -
482 2178 510 2223 7
523 2178 566 2222 ς.
598 2171 768 2226 caput
810 2161 1011 2225 prurit.
1050 2161 1258 2227 prurire
1294 2155 1554 2212 dicuntur
1596 2161 1804 2220 dentes,
1856 2164 2047 2222 malae,

253 2231 470 2291 dorsus,
518 2231 716 2299 Amph.
750 2248 790 2279 1.
829 2249 867 2280 1.
901 2247 1012 2294 139·
1067 2229 1188 2280 Mil.
1223 2247 1268 2279 2.
1302 2247 1350 2292 4.
1384 2248 1469 2294 44.
1515 2233 1685 2283 Poen.
1718 2251 1759 2294 ς.
1793 2251 1835 2294 ς.
1867 2238 1954 2294 36..
1987 2239 2048 2286 in
2116 2246 2118 2248 ’

250 2319 405 2357 metu
430 2303 612 2370 aliquo
644 2317 954 2370 pugnorum
990 2301 1381 2359 verberumue,
1415 2305 1513 2373 qui
1548 2316 1727 2355 metus
1757 2304 1937 2357 iocose
1967 2309 2045 2358 di·
2124 2337 2130 2342 -

251 2379 395 2427 citur
426 2373 750 2423 desiderium
792 2374 907 2422 eius
945 2373 1077 2422 mali
1112 2371 1262 2441 quod
1297 2385 1566 2430 metuunt.
1609 2375 1780 2426 Stich.
1812 2394 1853 2436 ς.
1889 2395 1931 2430 ς.
1966 2397 2040 2440 ις.

256 2458 441 2499 autem
469 2444 754 2512 vsurpatur
801 2443 867 2493 de
901 2443 1156 2494 defiderio
1195 2444 1525 2512 voluptatis,
1572 2457 1625 2494 et
1665 2447 1732 2496 fic
1768 2446 1946 2498 forsan
1993 2464 2045 2502 et
2115 2457 2129 2491 ι’

194 2524 195 2527 ’
251 2519 361 2569 hoc
385 2514 726 2567 Bacchidum
767 2517 887 2565 loco
925 2513 1348 2583 intelligendum
1384 2513 1482 2566 est:
1534 2517 1708 2568 sentio
1747 2521 2045 2588 voluptAtis

253 2587 576 2639 defiderium
600 2613 670 2624 —-
712 2588 792 2645 76.
830 2589 1014 2652 negito
1041 2602 1180 2654 nego
1203 2613 1274 2623 -—
1313 2603 1395 2650 79.
1428 2588 1561 2655 quid
1598 2606 1706 2655 ago
1747 2588 2046 2644 dubitantis

254 2661 354 2711 effe
384 2658 535 2714 solet,
555 2657 858 2707 Nicobulus
881 2658 1060 2709 victus
1086 2659 1194 2706 iam
1222 2654 1293 2706 est
1317 2686 1384 2693 ——
1411 2658 1543 2708 libet
1568 2670 1620 2710 et
1642 2671 1816 2710 metuo
1842 2675 2046 2732 pugnat

255 2748 383 2786 eum
413 2728 647 2794 libidine
679 2727 816 2778 ratio
843 2757 915 2766 -—
969 2735 1051 2780 802.
1090 2727 1362 2778 obnoxius
1391 2729 1524 2803 filio
1564 2741 1618 2785 et
1656 2726 1813 2803 seruo
1857 2733 1890 2780 fi
1933 2736 2045 2784 mei

252 2801 449 2871 flagitii
493 2801 593 2850 [int
637 2797 839 2850 conscii
863 2827 935 2837 -—-
989 2805 1072 2851 82.
1112 2809 1178 2848 vt
1212 2799 1452 2850 terebrat
1485 2794 1699 2850 blandis
1735 2802 1895 2854 dictis
1933 2808 2042 2854 ani-

253 2868 411 2927 'mum
458 2868 695 2940 perforat
719 2896 786 2908 —-··
845 2873 927 2921 86.
940 2869 1063 2941 filii
1096 2865 1418 2946 exspectant
1454 2868 1688 2922 vestrum
1723 2873 2043 2935 aduentum,

253 2944 414 2997 senex
468 2956 599 2992 vero
638 2937 816 2991 iocose
859 2942 1118 3010 explicat:
1180 2934 1528 3014 exspectant,
1560 2959 1728 3011 quam
1768 2964 1899 2998 mox
1935 2966 2043 2998 mo.
2115 2990 2119 2994 Α

254 3016 474 3069 riamur.
552 3013 642 3062 Sic
681 3010 835 3062 Most.
878 3030 919 3062 1.
954 3028 1001 3074 3.
1029 3013 1112 3075 76.
1168 3017 1381 3061 vtinam
1424 3030 1579 3063 meus
1621 3031 1761 3064 nunc
1796 3030 2044 3069 mortuus

254 3097 419 3156 pater
445 3082 521 3132 ad
549 3100 631 3132 me
663 3085 1044 3134 nuntietur.--
1084 3088 1167 3142 87.
1200 3082 1417 3132 addicti
1448 3081 1682 3142 Fuerunt,
1718 3088 1829 3154 qui,
1870 3106 2044 3157 quum
2126 3126 2129 3130 -

254 3174 370 3211 non
403 3153 568 3205 effent
614 3152 895 3211 soluend0‚
945 3152 1302 3205 creditoribus
1343 3153 1754 3213 addicebantur,
1804 3172 1914 3208 nec
1942 3161 2042 3210 ser-

251 3235 429 3283 vitute
469 3241 658 3275 eorum
700 3225 1102 3283 liberabantur,
1124 3225 1222 3274 nisi
1259 3223 1458 3277 debitis
1492 3242 1841 3298 quocumque
1876 3231 2042 3284 modo

251 3297 558 3374 persolutio.
