2144 3554
211 198 213 203 ι
252 178 369 236 244
795 177 866 220 m
901 150 1486 222 MENAECHMORVM
1545 212 1553 217 ,,

251 315 439 392 pamm
469 313 603 382 poni
634 328 733 381 pro
766 311 994 360 homine
1030 310 1191 359 nihili
1228 310 1525 363 ac‘nullius
1559 310 1684 363 vsus
1723 342 1793 353 --
1830 333 1908 377 31„
1942 321 2040 388 qui

255 393 464 443 vtinam
493 397 546 437 te
580 386 793 451 Iupiter
816 410 887 419 --
929 399 1007 441 34.
1035 393 1232 446 praeut
1267 383 1467 433 dudum
1486 377 1617 456 fuit
1645 386 1775 436 alter
1814 389 2037 454 quidem
2114 383 2117 386 ⁵

254 459 675 514 Menaechmus,
716 454 810 521 qui
852 450 1115 501 insaniam
1152 452 1219 504 de
1255 452 1513 504 industria
1553 446 1905 516 fimiiauerat,
1955 463 2036 509 vi-

255 536 415 585 detur
447 528 560 578 seni
589 527 764 581 idem,
798 539 1040 593 quocum
1066 539 1215 574 nunc
1250 525 1495 592 loquitur
1526 554 1598 564 —-
1637 533 1696 586 38
1722 527 1789 578 ad
1811 543 1892 590 4²·
1925 527 2036 579 sen-

254 605 371 657 sus:
421 616 557 669 quae
597 609 655 648 tu
697 595 980 650 inlimilas‚
1016 611 1131 647 non
1163 597 1334 663 magis
1372 595 1515 655 dixi,
1555 613 1718 669 quain
1756 612 1845 656 tn,
1897 618 2036 669 quae

254 691 310 730 te
344 673 521 724 feciffe
556 668 805 723 infimilo,
847 681 1109 732 vmquam
1144 664 1315 714 fecisti
1353 695 1424 705 --
1464 672 1556 728 38.
1595 686 1847 725 coronam
1879 675 2037 722 Iovis

252 737 574 824 subripmiffe
624 748 867 788 narratur
910 736 1137 786 Petilius
1193 736 1446 804 quidam,
1512 738 1641 789 inde
1682 739 2037 809 ‘Capitolinus

248 816 481 870 ‘vocatus
510 840 581 850 —-
619 828 702 871 47.
747 809 965 877 aliquos
987 809 1192 872 viginti
1218 809 1333 856 dies
1367 809 1566 876 vigInti
1588 820 1641 859 et
1669 813 1905 881 aliquos;
1942 815 2036 863 alii

258 891 475 957 aliquos
510 883 783 953 explicant
803 880 1038 941 ..circiter
1072 907 1143 916 -—
1199 895 1278 939 50.
1317 879 1489 929 nihilo
1528 883 1703 930 minus
1747 901 1860 933 non
1906 902 2035 953 pau-

256 963 532 1012 ciores·-—
584 970 666 1015 57.
708 948 956 1020 praesens
1008 950 1190 1015 coepio
1245 961 1298 999 et
1336 959 1579 1019 tempora
1624 952 1753 1002 inde
1808 954 2038 1007 formata

256 1031 400 1102 apud
423 1029 678 1079 Plautum
716 1018 1259 1096 passimsobcurrunt.
1298 1020 1410 1070 vid.
1452 1020 1518 1070 ad
1553 1022 1690 1074 Pers.
1718 1042 1926 1088 1·3·4¹·
1966 1056 2037 1065 --

258 1106 343 1154 61.
381 1098 485 1151 Iznc
527 1097 593 1147 ad
631 1095 882 1153 Erotium
926 1121 998 1130 --
1044 1101 1367 1157 prouentum
1407 1091 1480 1165 est
1506 1096 1752 1162 nequiter
1776 1097 1918 1146 male
1950 1114 2034 1148 res

253 1169 517 1224 subceffit.
590 1164 732 1217 Rud.
760 1183 805 1225 3.
837 1181 880 1225 ς.
912 1181 988 1223 5⁷·
1026 1163 1259 1232 proueni
1307 1166 1559 1232 nequiter
1599 1167 1786 1217 multis
1836 1169 2033 1219 modis,

256 1246 424 1297 Stich.
446 1262 490 1293 z.
515 1235 559 1291 2.
578 1256 605 1300 7
616 1256 661 1299 3.
687 1233 983 1306 prouenisti
1011 1232 1182 1284 futile.
1233 1233 1281 1281 T
1284 1250 1398 1284 rue.
1423 1253 1467 1284 2.
1486 1253 1535 1298 4.
1563 1238 1701 1289 bene
1725 1239 2038 1305 prouenisti.

589 1380 678 1432 IN
739 1379 1013 1442 ACTVS
1061 1379 1120 1429 V.
1198 1378 1550 1431 SCENAM
1597 1381 1693 1432 VI.

368 1474 411 1508 1.
436 1452 760 1531 spectamen
788 1451 1010 1503 δοκίμιον
1035 1450 1173 1499 bono
1190 1444 1359 1526 seruo
1394 1455 1455 1502 id
1490 1450 1565 1526 est
1598 1450 1904 1526 specimen,
1943 1455 2036 1506 do-

252 1538 570 1582 cumentum
604 1524 739 1574 boni
777 1520 920 1570 serui
953 1523 1028 1569 in.
1055 1538 1119 1571 eo
1164 1522 1320 1571 [itum
1357 1522 1428 1571 est
1465 1552 1535 1560 —
1575 1541 1624 1585 4.
1663 1543 1825 1592 quam
1866 1542 2037 1595 aeque

254 1618 315 1652 ac
373 1618 390 1649 ι
431 1592 546 1673 ipse
585 1591 727 1668 affe
773 1622 845 1631 --
901 1609 944 1653 ς.
975 1592 1022 1639 6.
1064 1588 1245 1643 officio
1285 1595 1468 1661 potius
1514 1592 1640 1644 satis
1683 1595 1870 1654 faciat,
1918 1613 2034 1666 quo

251 1675 437 1723 minus
466 1680 681 1736 tergum
717 1665 884 1733 virgis
925 1660 1175 1712 caedatur
1210 1676 1262 1713 et
1297 1681 1447 1715 crura
1475 1666 1789 1723 vinciantur
1820 1684 2035 1736 compe·

252 1746 444 1798 (libne,
481 1756 640 1808 quam
680 1737 834 1805 gulae
866 1736 1152 1802 ventrique
1179 1733 1486 1788 consultum
1514 1751 1599 1787 eat
1635 1767 1706 1796 -,-
1742 1741 1789 1789 6.
1824 1742 1911 1789 cui
1940 1759 2036 1790 cor
2120 1750 2138 1767 ²

250 1811 487 1886 modeste
527 1807 699 1883 situm
752 1805 828 1879 efi-
889 1806 985 1874 qui
1039 1809 1255 1864 animo,
1321 1806 1709 1874 cupiditatibus
1765 1810 2034 1861 moderari

248 1888 379 1938 sciat
428 1913 499 1922 --
544 1899 591 1944 9.
633 1898 729 1950 pro
766 1880 908 1928 viris
944 1878 1243 1928 Lambinus
1280 1881 1513 1930 malebat
1535 1875 1737 1955 seruis.
1815 1884 2032 1948 Igmwi,

250 1957 467 2024 inprobi
497 1950 780 2002 viri·sunt
823 1950 1043 2019 quidem
1093 1950 1185 1997 hic
1232 1948 1374 1999 serui
1415 1965 1684 2019 nequam,
1733 1969 1849 2002 non
1903 1970 2032 2004 vero

246 2026 577 2081 mutandum
619 2036 730 2072 erat
765 2024 936 2077 viris,
977 2021 1124 2088 quod
1157 2020 1272 2072 ΜΠ.
1312 2021 1515 2072 habent
1560 2050 1627 2062 --
1688 2020 2033 2097 14‚facigius

244 2103 439 2169 patior
461 2095 631 2147 verba
657 2093 801 2153 iusta,
840 2094 1066 2160 imperia
1094 2092 1214 2153 heri
1238 2090 1496 2162 exsequor
1530 2122 1601 2131 —-
1645 2111 1720 2156 ¹3·
1748 2113 1822 2156 ¹4·
1853 2099 2031 2162 magis

224 2168 472 2244 facilius
505 2183 619 2217 non
656 2183 772 2214 raro
810 2167 985 2229 magis
1026 2162 1242 2232 agiditur
1287 2166 1686 2233 comparatiuis.
1724 2166 1835 2216 vid.
1875 2167 2026 2219 Men.

241 2244 384 2294 Prol.
410 2239 692 2306 55.-›magis
730 2237 980 2287 maiores.
1019 2263 1090 2272 ——
1134 2238 1312 2293 15.16.
1349 2238 1501 2286 malo*
1537 2235 1729 2293 edere‚*
1761 2239 1909 2308 quod
1935 2241 2030 2288 alii

239 2313 382 2366 serui
412 2315 468 2361 in
500 2308 717 2379 pistrina
755 2307 1095 2363 mollierunt,
1139 2321 1302 2374 quam
1343 2306 1455 2375 ipse
1491 2308 1571 2357 ibi
1605 2310 1844 2368 molere,
1879 2310 2026 2379 quod

239 2388 333 2436 alii
369 2384 531 2434 edant
578 2410 649 2418 —
701 2397 780 2428 20.
822 2388 1018 2429 metum
1057 2387 1124 2427 vt
1171 2378 1304 2426 mihi
1345 2379 1629 2428 adhibeam
1685 2393 1746 2430 vt
1790 2392 1941 2430 metu
1995 2399 2024 2432 a

234 2455 531 2508 malefactis
562 2451 873 2502 absterritus
904 2462 1047 2498 recte
1072 2449 1268 2498 faciam
1294 2477 1365 2486 --
1399 2466 1479 2511 ²4·
1509 2448 1794 2524 psfiquam
1820 2454 2022 2503 'malum

231 2529 583 2596 promeritum
609 2519 682 2595 ςῘὶ
709 2524 762 2572 h.
782 2524 817 2571 1.
843 2523 1197 2587 promeritum
1221 2532 1274 2569 et
1293 2518 1491 2587 paffiue
1510 2521 1743 2588 positum
1766 2521 1852 2581 est,
1882 2537 1936 2574 et
1959 2526 2020 2573 in

232 2602 430 2650 malam
471 2606 694 2663 partem.
769 2594 1049 2641 Donatus:
1107 2594 1408 2657 promeruit
1451 2591 1553 2642 est:
1612 2593 1851 2650 adiuuit,
1938 2613 2019 2645 ro-

229 2669 364 2731 fuit3
419 2669 510 2720 cui
553 2665 880 2716 contrarium
928 2661 999 2711 est
1045 2664 1352 2716 commeruit⁴
1388 2691 1460 2701 —-
1504 2682 1583 2722 30.
1627 2683 1696 2714 ex
1733 2666 1838 2714 hoc
1858 2614 2019 2740 sefiltu

231 2743 415 2793 damni
468 2739 633 2789 domo
679 2736 983 2785 meretricia
1023 2727 1245 2810 saluum
1295 2735 1714 2802 inconruptum,
1762 2737 2017 2793 nondum

227 2826 466 2882 cap-tum,
506 2807 863 2876 despoliatum
899 2835 970 2850 -ι-
1005 2823 1085 2865 31.
1122 2823 1188 2854 ne
1210 2806 1428 2854 veniam
1459 2807 1776 2871 depugnato
1795 2809 2012 2872 proelio

224 2883 360 2948 μετ-οἰ
388 2883 476 2933 τόν
506 2882 728 2936 πόλεμον
762 2877 794 2934 n‘
824 2879 1128 2939 συμμαχία,
1162 2873 1277 2942 post
1299 2892 1544 2944 pugnam
1566 2889 1859 2945 pugnatam
1895 2877 2014 2929 sub·

223 2955 428 3023 petiae:
481 2945 624 3000 sero!
675 2947 859 2998 Editio
916 2959 1100 2996 autem
1142 2946 1386 2996 Parifina
1424 2964 1579 3007 v.31.
1620 2949 1783 3015 legit:
1840 2960 2012 3018 vtque

223 3044 393 3075 meum
434 3042 503 3071 ex
547 3022 647 3070 lzoc
680 3013 887 3093 saltem
925 3018 1245 3084 Epidamno
1291 3017 1475 3067 aluum
1513 3017 1684 3067 cluam
1715 3022 2006 3086 amphora,

221 3113 286 3146 ex
328 3110 438 3165 quo
478 3092 754 3141 videretur
796 3091 976 3139 seruus
1017 3104 1241 3157 cupere,
1271 3085 1355 3146 se,
1391 3088 1449 3136 in
1490 3087 1690 3140 damno
1721 3091 1864 3150 heri,
1912 3090 2007 3141 sal-

219 3177 331 3216 tem
366 3164 480 3213 fieri
516 3162 837 3231 participem
872 3159 1117 3228 prandii,
1155 3157 1221 3208 ad
1263 3158 1413 3226 quod
1449 3158 1842 3211 Menaechmus
1877 3162 2008 3212 Sofi-

218 3239 324 3287 cles
360 3236 627 3286 inuitatus
665 3232 729 3279 ab
756 3232 943 3281 Erotio
970 3243 1099 3281 erat.
1174 3228 1342 3295 Quod
1375 3245 1571 3280 vocem
1607 3232 1767 3280 aluus
1801 3232 2005 3284 mascu-

213 3309 325 3361 line
348 3306 619 3378 posuerit,
655 3304 916 3371 exemplis
957 3301 1181 3371 quidem
1206 3300 1395 3370 paucis
1419 3300 1587 3369 posset
1623 3301 1882 3354 defendi.·
1921 3304 2004 3354 Ex
