2144 3554
298 187 411 247 384
503 185 509 192 ‘
934 220 938 225 ,
1005 188 1081 231 m.
1141 189 1366 233 sTlcm

291 345 378 380 me
401 324 519 376 data
543 336 707 375 coena
733 319 951 373 emere?
975 347 1043 366 -q
1081 336 1146 382 70
1166 318 1330 379 ad72.
1357 322 1668 392 adloquitur
1691 327 1834 393 quast
1863 329 2072 398 aliquos
2136 318 2144 386 f

293 400 360 449 de
390 412 587 448 corona
633 393 1112 445 circumstantium.
1172 389 1463 444 ‘H'ercules
1501 393 1599 464 qui
1632 396 1744 464 ipse
1783 394 1928 448 escae
1961 411 2074 448 erat

290 470 573 525 maximae,
612 468 767 516 cuius
802 466 1000 523 tutelae
1030 463 1238 531 parasiti
1270 458 1407 521 sunt,
1444 468 1533 516 cui
1555 467 1835 518 decimam
1864 484 2072 537 partem

292 557 474 591 voueo
510 566 581 576 --
619 538 711 586 ille
750 535 953 584 amabit
992 543 1047 583 te
1079 534 1323 601 prandio,
1365 552 1534 586 coena
1572 552 1844 588 ementem
1879 568 1948 578 -
1989 557 2071 600 7¹·

292 611 451 681 fingit
475 604 716 682 adnwſj'e
740 609 974 675 aliquem
1005 633 1077 643 —-
1109 605 1351 656 meliores
1386 608 1543 657 dabit
1572 609 1724 678 logos
1751 638 1822 648 ---
1859 628 1941 669 7²-
1970 629 2070 659 me-

291 685 486 733 liores.-
522 681 775 748 logorum
797 677 1159 727 ridiculorum
1188 679 1342 746 copia
1365 678 1757 741 instructiores;
1795 682 1914 731 alii:
1952 681 2071 730 eda-

290 757 459 807 ciores
487 748 759 821 parqfitos
786 776 856 787 -——
900 765 981 808 73.
1002 746 1112 816 sqq.
1142 747 1291 815 logos
1319 748 1436 800 suos
1460 753 1755 818 generatim
1779 752 2070 821 distinguit,

289 842 397 894 quo
433 835 676 891 tempore
717 821 911 869 locoue
952 818 1248 868 adhibendi
1286 821 1492 889 quique
1528 823 1641 872 sint.
1712 824 1861 872 Dicit
1891 837 2073 874 antem
2136 878 2140 879 ⁷

287 896 389 947 effe
424 911 516 944 eos
551 911 634 954 75.
683 889 1077 944 Cauillationes
1121 896 1265 958 aptas
1303 884 1368 938 ad
1397 890 1772 953 deridendum,
1816 889 2068 968 adsenta-

285 966 562 1018 tiunculas
589 963 656 1018 ad
680 960 1093 1017 blandiendum,
1129 963 1628 1026 periuratiurzculas
1656 966 1722 1014 ad
1746 964 2068 1033 persuaden-

284 1041 417 1090 dum
463 1064 534 1076 -—-
586 1034 670 1096 73.
715 1035 835 1083 aliis
878 1033 1020 1082 inter
1063 1031 1384 1100 vngendum
1430 1032 1840 1104 sudandumque
1883 1037 2070 1086 locum

285 1110 387 1162 else
421 1108 727 1173 (vnctiones
751 1122 985 1171 graecae
1016 1104 1406 1171 elegantiorem
1428 1100 1636 1178 sudore
1670 1108 1727 1155 in
1754 1108 1960 1157 balneis
1995 1106 2071 1157 so·

280 1183 468 1233 lebant
506 1177 737 1235 inuncti,
774 1178 925 1245 prius
952 1189 1116 1244 quam
1141 1172 1459 1226 adcubitum
1491 1178 1652 1242 irent)
1678 1204 1748 1216 --
1782 1196 1864 1241 74.
1903 1177 2067 1227 mala-

283 1270 382 1304 cas
411 1250 781 1306 delicatiores,
839 1245 1170 1296 adhibendas
1217 1244 1313 1304 iis,
1354 1247 1448 1315 qui
1491 1248 1685 1298 Veneri
1736 1250 1835 1299 [int
1879 1248 2066 1308 dediti,

280 1322 632 1391 crapularias
670 1321 808 1369 inter
833 1318 1027 1386 pocula
1061 1317 1392 1368 adhibendas
1421 1346 1492 1357 —--
1533 1336 1616 1380 77.
1652 1320 2066 1386 logos-viliores

282 1409 443 1447 vocat
459 1390 739 1467 strigilem
770 1381 1135 1463 robiginosam
1166 1388 1366 1438 nullius
1394 1390 1626 1456 amplius
1647 1391 1808 1460 pretii
1852 1421 1922 1429 —-
1957 1411 2064 1440 am-

281 1467 494 1536 pullam
529 1461 791 1512 rubidam.
868 1458 1074 1509 Festus:
1122 1458 1351 1509 scorteae
1374 1461 1659 1528 ampullae,
1697 1460 1952 1512 vetustate
1980 1480 2065 1511 ru-

283 1537 467 1609 gosae,
525 1546 580 1584 et
614 1532 816 1602 >coloris
861 1530 1143 1588 eiusdem,
1197 1530 1423 1580 rubidae
1477 1529 1585 1581 dici
1641 1529 1812 1583 solent
1856 1561 1925 1571 --
1982 1540 2062 1594 753.

280 1608 504 1660 tandem
526 1605 580 1655 se
602 1602 797 1674 ipsum,
821 1615 1096 1671 tamquam
1120 1601 1299 1661 ollam,
1322 1616 1415 1652 aut
1436 1618 1531 1652 vas
1552 1601 1791 1672 aliquod,
1818 1604 2065 1653 venalem
2122 1644 2140 1659 ,

279 1678 581 1752 praedicat:
626 1670 931 1747 'parqfitum
970 1675 1199 1732 inanem,
1237 1690 1343 1742 quo
1387 1673 1651 1724 recondas
1700 1675 1958 1744 reliquias
1996 1703 2064 1716 —-·
2139 1707 2141 1709 ·

281 1761 366 1805 80.
401 1748 632 1803 Herculi
667 1747 974 1813 polluceam
1014 1741 1349 1804 consecrem,
1386 1743 1680 1796 sacrificem
1714 1774 1786 1785 --
1820 1752 1906 1808 83.
1943 1749 2064 1814 quis
2133 1733 2141 1744 ⁸

278 1827 410 1876 haec
449 1834 582 1891 pro:
636 1834 773 1886 quae
817 1819 954 1867 haec
996 1842 1068 1859 ψ·-
1110 1818 1620 1883 =88.'D‘Iiecotrogus
1667 1832 1696 1866 a
1731 1818 1907 1877 μικκός
1958 1821 2060 1868 i..e.

274 1892 450 1964 μικρός
482 1904 540 1943 et
566 1889 790 1959 τρώγειν,
830 1888 972 1957 quasi
1007 1887 1352 1939 Paucirodus
1385 1916 1455 1926 —-
1486 1905 1570 1952 94.
1588 1885 1783 1959 simitu
1807 1889 1959 1939 simul
2005 1918 2059 1924 -—-
2117 1890 2144 1915 '-

277 1967 360 2033 96.
386 1957 608 2037 fecerat
645 1959 1034 2010 sacrificauerat
1069 1987 1141 1997 —-
1181 1976 1293 2010 101.
1329 1976 1423 2008 nec
1450 1978 1554 2019 mu,
1592 1977 1688 2010 nec
1722 1971 1956 2009 mutuum
1993 1976 2063 2008 ne

274 2028 574 2088 minimum
600 2030 839 2100 quidem,
875 2029 1095 2089 nedum,
1123 2029 1272 2100 quod
1296 2029 1485 2100 poscit,
1516 2043 1807 2091 mutuum3
1836 2031 1955 2081 sen:
1994 2048 2064 2079 ne

274 2111 509 2177 primam
534 2103 758 2173 quidem
780 2101 1053 2167 syllabam,
1088 2102 1292 2151 nedum
1317 2114 1576 2152 mutuum
1610 2115 1803 2152 totum.
1867 2103 2061 2152 Varro:

278 2197 308 2230 a
335 2196 422 2229 mu
450 2175 680 2227 mussare
711 2174 939 2231 dictum,
982 2173 1132 2241 quod
1159 2174 1342 2224 mutui
1374 2188 1488 2223 non
1517 2173 1748 2243 amplius
1778 2189 1936 2243 qnam
1978 2193 2062 2223 mu
2106 2178 2107 2181 ’
2143 2210 2144 2215 ,

272 2252 568 2303 dicunt.---
594 2264 653 2297 10
662 2264 706 2306 3.
728 2247 970 2315 linguam
989 2242 1374 2303 venditariam,
1404 2260 1543 2315 quae
1562 2243 1798 2295 vendere
1825 2246 1975 2311 cupit
1993 2274 2063 2283 —

212 2319 215 2323 ’
278 2338 395 2383 1114.
441 2330 522 2370 e'oe-
551 2321 771 2386 pictura
818 2319 852 2367 i.
880 2334 930 2386 q.
972 2316 1119 2374 aliia:
1169 2315 1450 2384 graphice,
1503 2313 1788 2367 euscheme
1831 2346 1901 2355 —
1951 2318 2058 2367 ⁸16.

276 2388 575 2466 submerum
618 2388 855 2456 pauxillo
899 2396 1113 2438 tantum
1147 2402 1319 2456 aquae
1351 2386 1590 2439 dilutum
1622 2415 1693 2425 -—
1728 2388 2060 2447 exanclault,

278 2463 591 2522 exantlauit,
629 2460 883 2518 exhausit,
917 2459 1168 2528 mihique
1203 2458 1509 2509 bibendum
1545 2457 1710 2509 dedit.

612 2605 699 2658 IN
751 2605 1021 2658 ACTVS
1089 2603 1163 2655 11.·
1260 2601 1610 2654 SCENAM
1678 2602 1720 2653 Ι.

388 2697 434 2740 3.
462 2679 704 2729 lubentia
735 2678 849 2731 vid.
884 2677 1026 2727 Pers.
1050 2693 1094 2738 ς.
1121 2694 1161 2725 ¹.
1185 2680 1232 2726 8.
1253 2696 1340 2712 ---
1376 2678 1425 2724 6.
1473 2676 1715 2741 ripisque
1746 2682 1885 2721 meta
1928 2671 2060 2719 hora
2136 2663 2139 2666 ’

278 2766 306 2800 a
333 2751 522 2810 fluuio,
551 2751 767 2801 alueum
797 2748 950 2803 suum
977 2748 1256 2816 superante
1276 2774 1347 2784 —--
1375 2763 1423 2806 7.
1451 2743 1674 2819 honesta
1702 2688 2060 2814 diccassactis
2140 2735 2144 2774 ;

275 2839 332 2870 re
361 2819 488 2888 ipsa,
530 2821 677 2890 quod
721 2819 913 2878 dixisti,
953 2817 1210 2869 effectum
1251 2817 1345 2876 da;
1393 2815 1738 2867 inhonestum
1778 2814 1924 2861 enim
1967 2811 2054 2870 est,

275 2894 435 2951 nihil,
475 2907 685 2962 praeter
709 2891 894 2946 verba,
932 2891 1056 2940 dare
1095 2918 1167 2926 —-
1207 2905 1303 2957 pro
1335 2898 1630 2954 propterea
1655 2885 1806 2935 Acid.
1841 2883 2054 2933 mauult
2129 2883 2131 2885 ’

275 2980 519 3030 propera
552 2991 623 3002 —-
657 2980 704 3026 9.
742 2955 1029 3035 benefacta
1059 2960 1324 3009 maiorum
1351 2975 1575 3024 exauget,
1605 2967 1667 3005 vt
1691 2967 1938 3022 parentes
1972 2954 2058 3003 tui
2092 2972 2104 2980 ‘

277 3033 598 3092 feruierunt,
632 3036 698 3085 [ic
721 3046 774 3084 et
797 3049 856 3085 tu
882 3031 1064 3091 facias,
1101 3046 1236 3098 quae
1266 3032 1398 3080 hero
1426 3032 1691 3096 heraeque
1719 3028 1966 3093 placeant
1984 3053 2056 3063 —-
2135 3071 2141 3088 ,

283 3123 364 3155 ιι.
395 3123 525 3173 caue
572 3123 883 3174 quemquam
905 3100 1079 3175 flocci
1094 3094 1309 3174 feceris
1353 3100 1588 3169 adparet,
1643 3098 1697 3148 h.
1719 3099 1754 3148 l.
1800 3113 1914 3147 non
1953 3095 2055 3144 effe
2107 3122 2144 3164 '3

278 3195 410 3226 cane
422 3170 663 3250 spernas
694 3195 827 3233 eum,
867 3173 960 3225 sed
993 3173 1089 3223 est:
1124 3188 1197 3235 ne
1233 3172 1521 3221 minimam
1556 3169 1779 3238 quidem
1815 3169 1932 3217 eius
1965 3183 2054 3215 ve·
2143 3165 2144 3180 ¹

275 3247 595 3298 recnndiam
623 3247 818 3296 habeas
846 3275 916 3284 -—-
951 3263 1028 3307 113.
1059 3243 1256 3297 cubitis
1281 3236 1510 3316 depulsa
1537 3243 1605 3290 de
1632 3243 1732 3289 via
1762 3254 2051 3309 perrumpe
2135 3266 2137 3268 -

275 3319 507 3377 turbam,
551 3317 814 3369 obstantes
841 3315 1176 3371 detrudendo
1207 3342 1279 3352 --
1321 3331 1398 3376 ¹7·
1436 3313 1550 3363 dies
1574 3324 1719 3362 totos
1745 3310 1812 3360 ad
1838 3320 2053 3378 portam
