2144 3554
323 171 433 226 162
848 252 850 254 -
894 178 977 226 lN'
1036 167 1506 230 cxsr'sstLAmAE

315 320 451 373 Cod.
490 317 725 386 denique
761 318 920 370 Bern.
962 316 1210 380 Saraceni
1246 313 1344 391 nffi
1386 314 1704 396 displiciunt,
1754 340 1890 393 quae
1927 327 2090 378 lectio

268 392 270 397 ’
314 388 546 444 Meurfio
581 392 743 438 vnice
771 386 991 437 adridet.
1038 401 1091 438 et
1113 389 1252 438 mihi
1285 392 1524 458 quidem‘
1550 392 1684 442 haec
1715 406 1975 462 perquam
2005 413 2097 447 co-³

313 465 457 514 mice
499 460 725 512 conficta
769 475 877 507 vox
914 458 1103 508 Plauto
1146 458 1363 510 videtur
1405 460 1734 530 dignissima:
1793 463 1893 537 'nfi
1925 460 2092 516 'vnum

316 528 701 605 displicufft,
754 527 894 578 nihil
947 528 1088 597 apud
1132 538 1184 580 te
1227 527 1361 589 fuit,
1413 534 1548 600 quin
1585 536 1835 601 placeret.
1921 537 2094 588 Cuius

314 605 469 654 vocis
506 600 827 670 elegantiam
860 601 954 666 qui
994 614 1106 650 non
1138 599 1580 669 adsequebantur,
1620 599 1967 687 disciplinam
2002 619 2094 657 ant

315 667 641 750 discipulam
674 668 988 741 posuerunt.
1059 669 1450 740 Reponendam
1487 687 1679 744 putaui
1712 700 1783 712 —-
1830 695 1910 726 21.
1947 672 2089 749 infu-

250 805 252 808 γ
302 740 504 822 scabat
542 743 661 792 vini
702 742 935 811 generosi
968 741 1082 790 vim
1124 742 1368 794 addenda
1411 759 1545 812 aqua
1586 747 1899 805 minuebat,
1951 741 2093 798 colo-

314 834 428 866 rem
466 813 584 865 vini
620 829 754 881 aqua
792 812 1065 880 perdebat.
1153 813 1242 862 Sic
1277 814 1395 862 Mil.
1425 833 1469 863 2.
1493 819 1541 866 6.
1565 820 1648 878 46.
1699 810 1976 891 infuscare
2019 818 2091 868 est

314 886 558 944 turbare,
611 883 833 953 perdere
880 908 950 928 -—÷-
1016 900 1096 944 ²4·
1136 883 1277 933 hunc
1329 886 1570 934 ordinem
1619 891 1990 938 meretricium
2022 919 2094 928 --

319 962 399 1009 28.
439 960 675 1006 iunctam
722 955 964 1003 vinctam
1004 978 1075 991 *-
1128 970 1206 1017 ²9·
1236 952 1324 1026 fi,
1371 957 1574 1007 tametsi
1622 958 1900 1008 imitemur
1953 961 2094 1010 inter

312 1044 414 1079 nos
448 1038 632 1078 earum
665 1024 1079 1076 coniunctiones
1106 1050 1177 1061 -—-
1216 1043 1296 1084 30.
1333 1035 1515 1075 tamen
1548 1027 1789 1078 viuimus
1813 1042 1927 1078 cum
1941 1027 2091 1103 sum-

314 1119 402 1149 ma
422 1098 629 1149 inuidia
653 1104 1038 1161 matronarum,
1059 1091 1277 1164 pessime
1304 1112 1402 1147 nos
1432 1097 1666 1148 oderunt
1682 1125 1753 1136 —-
1777 1117 1796 1160 3
1818 1117 1855 1148 1.
1878 1103 2091 1159 volunt,

314 1186 415 1220 nos
449 1171 509 1219 in
549 1165 854 1219 clientelam
893 1183 1074 1216 earum
1115 1181 1214 1215 nos
1253 1167 1635 1219 commendare
1665 1194 1736 1207 -·-
1786 1188 1866 1229 3²·
1905 1169 2094 1244 nostra

305 1232 471 1307 ⁴copia
507 1240 774 1308 explicant
811 1238 931 1286 alii:
970 1236 1243 1287 venustate
1278 1237 1476 1296 nostra,
1514 1240 1819 1299 inlecebris,
1859 1244 2091 1301 artibus;

315 1308 654 1362 Gronovius:
705 1326 799 1377 per
842 1326 941 1359 nos
977 1306 1131 1376 ipsas.
1170 1337 1241 1346 ·--
1290 1305 1591 1385 33.suique
1632 1311 1818 1360 auxilii
1865 1316 2093 1362 omnium

315 1397 491 1433 rerum
531 1382 590 1431 in
625 1380 879 1430 omnibus
915 1379 1072 1429 rebus
1108 1380 1368 1444 indigere.
1408 1383 1711 1441 ταυτολογίοι
1748 1385 1805 1445 in
1844 1399 1935 1432 ore
1973 1398 2090 1434 mu-

315 1454 565 1503 lierculae
602 1467 714 1501 non
750 1453 885 1499 mira
920 1449 1088 1517 potest
1130 1446 1306 1498 videri
1338 1477 1410 1487 --
1451 1469 1471 1510 3
1486 1468 1530 1513 ς.
1571 1461 1680 1500 tam
1722 1451 1946 1521 superbe
1990 1472 2089 1516 nos

302 1516 571 1581 tractant,
633 1533 694 1570 vt
740 1517 925 1594 ahig‘ffe
983 1521 1048 1569 ab
1095 1521 1162 1569 iis
1211 1520 1470 1587 gaudeas,
1526 1535 1580 1571 et
1625 1538 1738 1571 non
1779 1525 1875 1572 nisi
1924 1527 2092 1577 inubte

313 1613 400 1647 eas
446 1595 601 1644 adeas
639 1622 711 1641 ,,--
762 1595 840 1651 36.
879 1592 1077 1655 palam
1109 1590 1465 1640 blandiuntur
1514 1591 1674 1641 nobis
1723 1595 2088 1662 praesentibus

308 1667 566 1720 blandae,
605 1665 741 1712 clam
782 1660 1088 1712 absentibus
1126 1686 1197 1698 2——
1236 1680 1315 1722 37.
1351 1679 1547 1730 aquam
1562 1656 2089 1740 srigidamsubfum

309 1741 446 1789 dunt
486 1733 771 1785 criminose
815 1733 879 1781 de
915 1734 1073 1782 nobis
1110 1734 1160 1782 lo
1201 1747 1438 1790 tumtur,
1473 1746 1772 1785 amatorum
1815 1740 2024 1787 animos
2061 1755 2091 1787 a

305 1811 465 1860 nobis
500 1819 764 1858 conantur
790 1804 1109 1853 abstrahere.
1137 1750 1376 1878 jizbdole
1406 1818 1459 1854 et
1489 1806 1562 1853 ita
1597 1819 1694 1855 nos
1724 1807 2089 1873 decipiunt---³

311 1888 392 1942 38.
434 1898 559 1930 cum
583 1874 708 1926 'suis
742 1877 872 1924 viris
892 1870 1088 1950 solere,
1129 1873 1487 1933 consuescere,
1528 1892 1644 1924 reni
1677 1878 1871 1927 habere
1900 1909 1971 1918 -—
2003 1896 2083 1943 39.
2115 1923 2130 1945 s

290 1948 434 2030 suas
466 1951 785 1999 maritorum
824 1945 1045 1996 suorum
1073 1969 1143 1983 -·-
1190 1956 1315 1995 eunt
1356 1942 1654 2019 deprcffzm
1696 1948 1753 1996 id
1786 1964 1980 2016 agunt,
2026 1964 2088 2000 vt

304 2039 405 2072 nos
436 2022 741 2089 deprimant
765 2047 835 2054 —-
866 2035 949 2078 4²·
985 2037 1054 2066 ex
1084 2018 1337 2085 putribus
1365 2020 1712 2083 eminentioris
1745 2034 1870 2069 cum
1897 2022 2085 2072 multis

300 2095 438 2145 ,viris
483 2091 904 2146 conuenientes),
967 2087 1136 2156 ipsae,
1193 2103 1221 2136 e
1267 2105 1373 2156 quo
1416 2099 1606 2138 eorum
1654 2096 2083 2159 conceperimu3‚

302 2165 530 2213 nesciae.
603 2161 867 2211 Camerar.
898 2171 950 2208 et
979 2160 1216 2209 Gronov.
1246 2160 1352 2227 legi
1381 2161 1599 2208 malunt'
1619 2165 2083 2212 commentitiis—

287 2232 584 2312 superbiae
607 2226 770 2307 causa
797 2231 1176 2299 explicandum
1202 2242 1486 2297 putarunt:
1523 2234 1884 2283 contumeliae
1910 2233 2080 2285 causa.

230 2323 234 2327 ·
301 2307 407 2356 Sed
461 2307 568 2353 ioci
622 2314 832 2352 tantum
891 2303 1039 2350 causa
1089 2300 1360 2349 adiectum
1423 2319 1449 2350 a
1491 2302 1718 2351 muliere
1769 2303 1865 2364 est,
1926 2322 2079 2374 quae,

301 2387 635 2446 quantopere
692 2372 1003 2423 erubescere
1059 2372 1338 2429 didicerit,
1420 2370 1611 2422 abusus
1676 2375 1830 2423 verbi
1885 2377 2079 2426 nubere

298 2466 429 2509 v.45
457 2445 530 2514 sq.
570 2442 691 2494 satis
729 2444 990 2511 superque
1037 2441 1263 2492 ostendit
1302 2468 1373 2480 ——-
1413 2460 1496 2504 47.
1532 2444 1755 2509 lugubre
1801 2445 2080 2498 aduerbia·

296 2520 446 2568 liter:
486 2514 702 2566 misere!
738 2544 807 2552 -—
845 2531 927 2577 49.
958 2513 1104 2564 haud
1143 2529 1233 2563 me
1264 2516 1525 2582 poenitet,
1553 2524 1606 2563 te
1630 2514 1887 2574 educasse,
1925 2531 1977 2568 et
2010 2518 2077 2567 ad

297 2588 573 2658 quaestum
611 2581 982 2646 meretricium
1028 2585 1427 2652 compulisse——
1465 2603 1543 2638 50.
1575 2602 1675 2652 pro
1703 2590 1917 2637 IIecata
1951 2603 2078 2639 cum
2120 2632 2124 2636 .

294 2659 476 2710 Dousa
515 2649 637 2708 edd‘.
682 2674 789 2726 que
832 2668 962 2706 vett.
1000 2655 1290 2724 legendum
1339 2655 1408 2703 est
1452 2657 1659 2706 Hecale
1703 2669 1797 2726 aput
1838 2661 2071 2717 Hecala,

294 2745 357 2781 vt
394 2733 618 2782 Plautus
671 2744 771 2796 pro
814 2728 996 2785 Circe,
1054 2726 1232 2778 Niobe
1282 2726 1442 2775 habet
1485 2726 1665 2784 Circa,
1724 2729 1921 2779 Nioba.
2006 2731 2074 2780 Vt

292 2819 419 2851 vero
459 2804 601 2850 inter
636 2815 810 2848 mares
847 2803 1002 2856 Irus,
1056 2798 1123 2847 fic
1165 2799 1306 2847 inter
1338 2797 1570 2848 feminas
1605 2799 1811 2848 Hecale
1848 2817 2072 2869 pauper-

291 2885 399 2922 tate
456 2873 657 2922 dicitur
710 2870 943 2937 obpressa
994 2866 1148 2919 fuiire
1198 2869 1422 2919 summa.
1488 2867 1917 2921 Ovid.'Remed.
1948 2890 2066 2934 747.

289 2943 500 3008 Apulei.
529 2942 662 2990 Met.
686 2958 726 2991 ¹.
767 2941 908 2990 Plin.
931 2939 998 2990 H.
1015 2939 1082 2995 N.
1112 2958 1189 2988 ιτ.
1214 2957 1293 2988 22.
1346 2938 1542 2988 Sensus
1569 2938 1668 2989 est:
1709 2940 1765 2989 in
1796 2940 2068 2993 senectute
2134 2977 2144 2986 ,,

289 3014 421 3062 olim
443 3009 568 3062 ⁴non
607 3011 805 3079 magis,
850 3028 1012 3079 quam
1048 3012 1108 3058 in
1133 3008 1400 3079 praesenti
1433 3010 1658 3061 florente
1693 3014 1918 3063 aetatula
1950 3026 2063 3071 tua,
2141 3055 2144 3073 ,

285 3085 470 3152 inopia
517 3084 839 3134 cruciabere.
937 3079 1285 3148 Prospectum
1339 3083 1397 3128 in
1455 3080 1717 3147 praesenti
1773 3085 2064 3135 iuuentute
2139 3082 2144 3195 1

284 3154 488 3222 aliquid
533 3155 678 3211 vult,
729 3169 826 3208 ne,
889 3154 1154 3202 inmutata
1189 3151 1391 3207 forma,
1444 3152 1596 3202 viuat
1647 3150 1867 3205 deserta.
1930 3156 2057 3205 Ter.
2139 3198 2144 3214 .

282 3225 479 3274 Heaut.
510 3242 554 3293 2⁷
581 3242 627 3286 3.
645 3230 672 3275 8
695 3221 770 3292 sq.
801 3250 871 3260 -—
910 3241 989 3285 53.
1016 3224 1232 3292 Ignauis
1263 3223 1511 3290 precibus
1533 3222 1747 3274 fortuna
1775 3237 2055 3294 repugnat.

280 3290 443 3347 ovid.
479 3322 551 3335 —-
595 3287 676 3361 54.
721 3298 872 3344 Inter
919 3292 1080 3367 {flacc
1127 3294 1294 3344 verba
1333 3311 1421 3345 me
1467 3311 1593 3345 cum
1643 3308 1814 3348 matre
1859 3297 2056 3347 haecce
