2144 3554
247 199 364 273 326
527 265 535 270 ..
923 214 993 258 m
1063 213 1344 258 Pom-*vti
1399 275 1402 278 Δ

250 347 483 420 pauxilla
539 345 641 404 est,
709 360 771 398 vt
826 346 919 397 vix
972 348 1192 416 quidem
1249 349 1424 400 teneri
1475 346 1635 419 possit
1693 350 1748 400 di
1791 351 1877 401 ‘tis
1926 352 2031 419 pri-

248 420 514 471 moribus.
589 418 755 468 Gron.
802 446 872 456 --
929 419 1012 468 66.
1053 419 1324 470 Acidalius
1358 420 1465 489 legi
1509 423 1630 470 vult
1671 367 1882 496 pffme
1919 425 2035 482 z'tzss,

256 493 463 557 optime
515 489 719 538 dicitis.
816 488 920 538 Sed
969 490 1179 556 ironice
1228 493 1388 561 Agor.
1433 507 1504 539 ne
1545 493 1739 542 abeant
1786 492 2037 542 aduocati

245 564 460 627 optime
512 561 636 617 itis,
694 558 844 608 addit
891 577 1020 609 vero
1071 557 1284 635 peffime
1337 558 1525 612 dicitis
1572 567 1688 614 non
1743 562 1828 620 id,
1889 562 2038 630 quod

256 630 527 701 agendum
564 632 722 680 vobis
757 629 843 688 est,
882 630 990 688 sed,
1032 649 1405 702 quaecumque
1437 650 1655 692 moneo,
1697 634 1947 683 iracundi
1981 635 2039 682 in

254 704 454 759 malam
489 714 697 769 partem
735 700 985 770 adcipitis
1023 731 1095 742 --—
1132 722 1214 766 74.
1254 701 1466 776 bcfilice
1501 715 1798 755 exornatus
1829 723 1870 764 3.
1891 722 1934 765 3.
1959 721 2040 763 31.

243 773 631 836 *chlamydatus
672 771 905 831 incedit,
955 787 1009 827 et
1048 776 1150 834 ita,
1202 786 1265 824 vt
1297 776 1456 841 miles
1495 775 1682 826 haberi
1714 773 1899 847 possit,
1948 776 2042 845 qui

254 860 476 918 peregre
522 842 820 896 aduenerit.
870 857 873 861 ’

568 1008 655 1058 ΙΝ
714 1007 987 1059 ACTVS
1049 1009 1163 1060 111.
1237 1008 1589 1061 SCENAM
1643 1013 1723 1062 11.

370 1120 415 1154 2.
447 1102 645 1153 callum
675 1121 773 1172 pro
805 1103 1021 1153 duriore
1046 1103 1282 1171 qualibet
1308 1108 1419 1171 apri
1446 1119 1611 1173 parte.
1685 1105 1841 1173 Capt.
1860 1119 1909 1166 4.
1934 1120 2044 1164 3.4.-

258 1172 453 1227 Pseud.
485 1194 521 1226 ι.
547 1193 589 1222 2.
612 1193 691 1234 33·
758 1176 878 1223 Hoc
914 1176 1146 1230 Poenuli
1186 1177 1307 1227 loco
1343 1178 1550 1227 iocatur
1588 1189 1748 1245 poeta
1781 1177 1839 1225 in
1878 1176 2046 1225 ambi-

262 1247 468 1313 guitate
506 1247 660 1294 verbi
682 1246 910 1304 callere,
963 1246 1268 1314 eodemque
1299 1246 1466 1298 modo
1497 1246 1636 1298 Pers.
1658 1267 1702 1297 2.
1729 1265 1771 1308 ς.
1793 1265 1841 1306 4.
1873 1248 2048 1312 magis

264 1317 460 1375 calleo,
500 1335 660 1384 quam
694 1335 1000 1382 aprugnum
1039 1317 1236 1379 callum
1273 1319 1450 1368 callet.
1490 1349 1563 1358 --
1601 1335 1646 1379 3.
1684 1318 1948 1368 condocta
1988 1330 2048 1367 vt

260 1386 411 1436 fideli
441 1389 700 1438 memoria
737 1399 920 1437 teneas
961 1404 1020 1436 ea
1054 1387 1163 1456 ipsa
1200 1390 1380 1447 verba,
1419 1390 1616 1459 quibus
1653 1399 1714 1439 vt
1747 1392 1806 1438 in
1839 1387 2046 1458 agendo

219 1469 222 1473 ’
259 1461 444 1516 vtaris,
492 1471 543 1506 te
579 1459 868 1508 docuimus
908 1487 979 1497 --
1021 1476 1068 1515 7.
1102 1451 1231 1577 ngfa
1260 1462 1305 1509 ci
1337 1462 1472 1511 dies.
1545 1461 1738 1510 Varro:
1779 1477 1876 1528 per
1909 1475 2046 1528 quos

261 1528 432 1587 nefas,
483 1531 795 1579 Praetorem
854 1528 955 1578 fari
999 1529 1088 1588 do,
1179 1531 1301 1591 ico„
1340 1530 1553 1582 addico.
1652 1531 1818 1582 ovid.
1854 1530 2046 1581 Fast.1.

261 1602 356 1650 Ille
385 1598 615 1650 nefastus
648 1603 766 1657 erit,
806 1616 900 1669 per
938 1617 1099 1669 quem
1126 1602 1225 1651 tria
1256 1604 1419 1652 verba
1452 1603 1699 1654 silentur:
1737 1600 1895 1661 fastus
1932 1603 2048 1660 erit,

260 1689 359 1740 per
399 1690 563 1740 quem
597 1673 713 1740 lege
754 1673 945 1722 licebit
980 1673 1082 1740 agi.
1116 1672 1171 1721 h.
1199 1673 1232 1722 l.
1271 1675 1291 1722 ι’
1317 1686 1490 1723 corum
1540 1673 1835 1723 hominum
1870 1674 2053 1722 nullus

264 1736 514 1817 nefastus
540 1742 614 1816 est
635 1748 683 1793 i.
701 1761 745 1793 e.
771 1745 955 1793 nullus
991 1741 1324 1802 intestabili8‚
1360 1736 1619 1795 ornnibus
1658 1743 1728 1793 est
1759 1741 2054 1795 testimonii

266 1815 455 1871 dictio,
497 1815 606 1871 feu,
647 1813 798 1865 testes
826 1814 926 1864 effe
953 1815 1082 1865 licet
1117 1844 1188 1853 -
1226 1816 1526 1866 comitiales
1536 1811 1678 1891 sunt
1697 1818 1829 1865 meri
1853 1818 2052 1884 quouis

264 1885 356 1935 die
400 1884 527 1935 fasto
568 1889 626 1935 in
672 1885 790 1936 foro
837 1885 990 1944 funt,
1052 1900 1384 1955 exponentes
1433 1888 1686 1937 venalem
1733 1903 1948 1956 operam
1997 1897 2051 1936 et

261 1955 429 2007 fidem
484 1987 555 1996 —-
607 1974 656 2020 9.
697 1958 834 2006 iuris
876 1958 1139 2007 coctiores
1180 1957 1410 2008 ridicule
1444 1957 1580 2010 dicit
1617 1975 1712 2027 pro
1756 1960 2051 2016 doctiores,

262 2027 555 2096 respiciens
600 2029 666 2078 ad
720 2030 803 2078 ius
853 2030 1199 2085 culinarium.
1248 2059 1320 2068 —-
1388 2046 1465 2079 11.
1512 2027 1628 2098 post
1677 2048 1783 2080 vos
1837 2031 2050 2098 quidem

261 2100 460 2158 hercle,
491 2101 617 2168 quia
645 2099 891 2166 aduocati
919 2099 1165 2149 dixerant
1191 2101 1326 2150 dite
1346 2101 1606 2166 perdant,
1636 2101 2054 2167 exspectandum

240 2170 555 2220 <videbatur
583 2168 648 2219 'di
683 2170 955 2236 perdai‘zt;
1004 2168 1095 2221 sed
1141 2170 1291 2222 addit
1317 2174 1657 2231 commendo,
1708 2189 1853 2230 nam,
1902 2171 2053 2240 quod.

264 2242 397 2297 dixi.
448 2243 506 2290 in
542 2243 1076 2292 commend-ationem
1108 2241 1332 2297 vestram
1367 2241 1498 2293 dixi.
1582 2243 1689 2293 Alii
1726 2245 1913 2312 legunt
1945 2261 2052 2295 vos
2130 2260 2134 2267 “

262 2314 479 2381 quidem
515 2314 694 2362 hercle
722 2314 778 2363 di
811 2314 1040 2381 perdant
1066 2331 1183 2363 cnm
1213 2332 1274 2363 eo
1307 2314 1497 2377 lenone
1522 2310 1594 2353 -’-
1635 2332 1713 2365 20.
1741 2333 1932 2365 aurum
1963 2332 2048 2367 co-

262 2386 476 2443 micum,
531 2385 729 2451 lupini,
779 2387 838 2433 in
879 2384 1194 2435 Comoediis
1227 2401 1327 2453 pro
1366 2386 1551 2435 nurnis
1591 2385 1934 2439 adnumerari
1974 2384 2051 2434 [ο-

260 2455 351 2505 liti
379 2485 449 2496 --—
483 2471 562 2514 24.
597 2456 873 2505 nobiscum
897 2454 1262 2524 orauersis‘pro
1292 2474 1412 2506 nos.
1452 2457 1592 2507 Asin.
1616 2474 1662 2516 3.
1682 2475 1728 2516 3.
1746 2475 1828 2516 72.
1868 2456 1982 2507 Cas.
2005 2473 2050 2506 2.

266 2543 316 2589 5.
344 2527 422 2578 16.
447 2539 548 2576 etc.
584 2548 655 2567 w<-
705 2545 783 2586 27.
827 2529 955 2593 Ego
996 2547 1110 2576 eum
1146 2528 1309 2576 docui
1338 2527 1498 2595 Ager.
1538 2527 1635 2578 fibi
1672 2528 1894 2580 'laudem
1933 2523 2050 2577 vin-

266 2596 430 2654 dicat,
459 2598 706 2647 villicum
735 2598 1134 2667 aduocatosque
1159 2597 1410 2656 docuiffe‚
1444 2596 1543 2648 effe
1567 2599 1774 2657 malos.»
1812 2599 2051 2666 Milphio

266 2665 452 2718 autem
489 2670 612 2737 quis
649 2679 704 2717 te
741 2688 908 2734 porro
948 2668 1040 2719 ista
1079 2669 1282 2726 docuit,
1319 2671 1415 2718 nifi
1457 2669 1597 2738 ego?
1644 2672 1785 2721 mihi
1828 2669 2053 2739 quidem

266 2741 448 2792 omnis
477 2756 539 2792 ea
574 2741 688 2790 laus
720 2740 1014 2790 tribuenda
1046 2740 1117 2791 est
1154 2741 1251 2790 vni
1279 2770 1353 2779 ---
1393 2734 2050 2814 32.foresfeceruntfla-

243 2812 462 2876 gitium
500 2822 555 2861 et
587 2829 665 2869 33.
698 2823 1023 2877 crepuerunt
1061 2812 1238 2869 clare,
1280 2824 1518 2878 putant,
1586 2813 1869 2863 hominem
1902 2811 2051 2862 rusti-

266 2897 393 2931 cum
420 2880 677 2932 adludere
718 2882 783 2931 ad
809 2885 1075 2951 crepitum
1107 2881 1332 2932 v'entris.
1409 2883 1706 2950 Flagitium
1740 2883 1961 2952 quidem
1989 2884 2051 2934 P.

264 2952 406 3001 Vict.
451 2955 486 3002 l.
513 2969 588 3004 11.
619 2958 666 3005 8.
714 2954 899 3021 potius
941 2970 1146 3005 nomen
1185 2951 1283 3003 ess'e
1330 2952 1482 3011 dicit,
1531 2956 1608 3003 rei
1656 2954 1846 3005 foedae
1891 2966 2052 3023 atque

263 3022 528 3092 indignae
599 3026 732 3072 olito
763 3026 1006 3085 homine,
1047 3041 1209 3092 quam
1241 3021 1450 3074 sceleris
1469 3025 1707 3076 *alicuius
1737 3040 1829 3076 aut
1862 3027 2055 3093 inique
2114 3023 2115 3026 ’

262 3092 396 3146 facti
434 3123 504 3135 --
570 3113 757 3145 carrae
780 3099 784 3103 ’
811 3098 957 3164 quod
1005 3090 1328 3171 consueru'nt
1377 3095 1490 3145 vid.
1538 3096 1700 3164 Epicl.
1729 3116 1835 3148 1.1.
1860 3115 1937 3156 13.
1981 3125 2053 3136 --

268 3167 350 3226 36.
389 3166 560 3215 bonus
594 3164 680 3222 est,
721 3168 816 3232 qui
859 3170 918 3215 in
944 3184 1025 3226 eo,
1065 3166 1214 3235 quod
1248 3165 1395 3222 facit,
1435 3167 1704 3217 eximium
1732 3166 1785 3216 se
1815 3162 2051 3235 praebet,

259 3237 325 3294 Ji.
349 3237 382 3288 l.
421 3237 588 3288 bonus
618 3237 757 3295 leno,
803 3236 1136 3308 namfimilis
1162 3235 1409 3314 malo-cst
1436 3253 1467 3288 e
1490 3239 1649 3290 vultu
1681 3241 1790 3290 iam
1818 3239 2054 3309 adparet)

264 3307 553 3362 hominem
586 3324 712 3362 eum
746 3307 845 3360 effe
876 3307 1179 3380 pessimum.
