2144 3554
330 189 449 261 336
846 219 851 223 ·
1007 198 1078 243 IN
1139 196 1429 250 POENVLI

325 337 710 390 includebatur
741 362 812 374 --
874 349 955 394 35.
994 332 1171 384 addit:
1228 351 1327 401 ego
1361 327 1519 407 famo
1566 350 1630 389 vt
1668 355 1818 399 vos,·
1864 342 2113 399 conserui

327 413 469 467 mei,
523 402 812 483 hospitium
852 404 953 454 hoc
983 405 1182 454 leuiter
1231 405 1471 456 laudetis
1518 425 1708 460 omnes
1755 429 1854 462 vos
1894 406 2110 469 habebo

324 482 606 534 sollicitos.
640 479 765 527 Ter.
785 476 982 526 Heaut.
1003 496 1049 536 3·
1082 493 1121 525 r.
1151 493 1230 537 5²·
1253 503 1326 516 —-
1363 495 1447 538 44.
1475 483 1932 543 praeterbitamus
1964 504 2111 555 prae-

323 563 626 613 tereamuS,
672 549 774 598 alia
816 564 980 616 quam
1028 547 1151 597 illae
1194 549 1284 598 via
1340 560 1548 599 eunteS.
1605 553 1764 621 Epid.
1799 573 1843 616 3.
1872 573 1922 618 4.
1956 575 1998 607 1,
2037 588 2108 598 -

323 642 411 691 49.
449 613 838 692 Graecaesunt
855 619 959 666 hae
986 618 1275 676 columnae,
1299 614 1534 694 sustolli
1541 615 1748 696 solent.
1793 627 2107 680 Salmasius:

322 698 561 766 punicae
590 693 876 741 columnae
908 689 1123 756 ligneae
1143 689 1401 739 videntur
1425 689 1597 752 fuine,
1638 712 1775 764 quae
1801 697 1953 748 simul
1981 715 2111 750 cum

321 768 429 819 bafi
462 762 905 818 conficiebantur,
943 760 1173 810 Graecae
1201 773 1382 812 autem
1415 764 1686 831 lapideae,
1726 784 1894 836 quae,
1937 787 2109 838 quum

322 842 392 889 iu,
420 835 570 897 bases
609 832 1030 890 sustollerentur‚
1070 831 1308 882 celsiores
1346 831 1563 893 fiebant.
1639 837 1979 891 Gronovius:
2022 858 2110 893 co-

320 911 541 970 lumnae
581 920 773 957 omnes
822 919 936 953 non
977 903 1035 951 in
1082 904 1250 953 aliurn
1298 903 1665 957 conficiuntur
1700 907 1887 970 vsum,
1943 930 2109 981 quam

319 992 383 1032 vt
433 981 735 1049 erigantur,
797 991 907 1043 quo
960 973 1101 1026 facto
1151 974 1465 1044 grandiores
1515 977 1800 1031 videnturz
1875 982 2108 1036 Graecae

322 1064 509 1104 autem
546 1051 835 1105 columnae
874 1061 1003 1116 prae
1043 1048 1235 1097 ceteris
1272 1059 1425 1098 erant
1460 1046 1746 1118 elegantes.

650 1188 739 1240 IN
786 1186 1065 1238 »ACTVS
1117 1188 1180 1240 V.
1222 1198 1227 1207 “
1265 1189 1614 1242 SCENAM
1675 1190 1776 1245 IV.

434 1270 479 1315 τ’.
521 1264 615 1332 qui
644 1259 979 1311 amabilitati
1019 1262 1255 1311 animum
1289 1265 1564 1324 adiiceret
1597 1267 1701 1332 *qui
1739 1265 1953 1334 elegans
1998 1258 2105 1317 for·-

320 1353 535 1400 marum
571 1333 837 1404 spectator
865 1332 940 1385 fit.
1001 1332 1126 1382 Ter.
1158 1332 1300 1384 Eun.
1321 1351 1366 1396 3.
1391 1352 1441 1397 4.
1476 1341 1554 1386 18.
1590 1347 1644 1384 et
1673 1332 1840 1387 Stich.
1869 1355 1914 1398 ς.
1939 1355 1988 1400 4.
2020 1343 2102 1398 58.

242 1461 245 1466 4
318 1426 428 1460 vox
471 1405 786 1456 amabilitas
821 1403 1087 1470 reperitur
1121 1430 1193 1443 --
1248 1423 1296 1454 2.
1338 1406 1512 1456 oculis
1550 1407 1740 1472 epulas
1775 1409 1911 1458 dare
1944 1406 2104 1477 supra

298 1497 368 1538 [1.
394 1497 446 1529 ι.
475 1480 559 1540 64.
601 1476 792 1527 oculos
818 1474 1081 1524 delectare
1111 1475 1402 1527 munditiis
1424 1473 1751 1528 *meretriciis
1777 1508 1850 1518 —-
1883 1497 1932 1540 4.
1963 1497 2105 1545 opus

317 1552 411 1599 alii
442 1566 573 1615 opes
602 1575 672 1585 --
712 1547 762 1595 6.
793 1545 1102 1596 murrhinus
1139 1545 1253 1595 vid.
1276 1545 1474 1598 Pseud.
1501 1566 1547 1598 2.
1567 1564 1620 1610 Υ4.
1650 1567 1729 1610 ςῐ.
1757 1577 1829 1589 —-··
1869 1566 1917 1614 9.
1944 1567 2099 1615 praev

313 1630 568 1688 potentes
603 1613 1022 1671 formofiffimae.
1095 1615 1188 1668 Sic
1232 1628 1285 1667 et
1296 1608 1490 1699 fortis
1527 1636 1626 1688 pro
1672 1622 1856 1688 pulcra
1899 1622 2099 1673 Bacch.

320 1712 367 1743 2.
399 1711 442 1742 2.
480 1698 559 1751 38.
612 1689 736 1739 Mil.
762 1703 812 1749 4.
845 1705 890 1748 3.
930 1705 1007 1748 13.
1055 1715 1127 1726 —-
1178 1705 1335 1754 pacis
1381 1700 1638 1756 potentes
1691 1711 1745 1757 γ.
1771 1710 1824 1754 4.
1853 1711 1897 1741 2.
1930 1709 1990 1754 27
2021 1692 2095 1761 [q.

313 1763 506 1833 primis
537 1758 723 1812 hostiis
750 1759 1017 1809 Venerem
1040 1759 1320 1826 placauere
1353 1774 1527 1812 extem
1570 1763 1639 1821 lo,
1680 1774 1734 1818 et
1770 1779 1814 1824 ς.
1849 1781 1893 1822 3.
1922 1765 1999 1813 16.
2028 1788 2100 1803 --

317 1853 399 1886 12.
435 1837 518 1885 Et
541 1833 637 1899 pol
668 1849 766 1897 ego
804 1832 911 1882 hoc
937 1828 1104 1896 spero,
1145 1849 1304 1899 quum
1339 1779 1619 1908 cognosgo,
1661 1849 1976 1903 quantonos
2016 1836 2099 1883 in·

313 1908 492 1976 geniis
527 1903 850 1972 praestemus
893 1902 1029 1959 aliis,
1066 1919 1203 1971 quae
1239 1904 1298 1951 in
1338 1902 1562 1956 delubro
1593 1904 1832 1961 aderant,
1869 1906 2095 1974 puellis:

313 1988 517 2048 quanto
545 1977 667 2045 plus
701 1973 1190 2024 commendationis
1227 1972 1399 2024 nostra
1430 1976 1490 2024 in
1524 1974 1781 2027 modestia
1808 1978 1884 2034 fit,
1933 1995 2096 2046 quarn

312 2063 616 2100 ceterarum
646 2048 706 2096 in
743 2046 1100 2112 proteruitate
1129 2073 1201 2084 —-
1252 2062 1331 2110 14.
1372 2048 1603 2097 vitalem
1640 2064 1843 2099 aeuum.
1900 2046 2098 2098 Lucre·

311 2122 422 2172 tius
464 2137 510 2181 3.
539 2120 622 2169 60.
661 2118 853 2168 habet:
909 2133 1023 2169 non
1064 2116 1269 2168 omnem
1316 2115 1477 2187 possit
1522 2118 1714 2171 durare
1744 2138 1842 2188 per
1884 2137 2091 2170 aeuum.

308 2192 416 2243 Pro
467 2190 694 2240 vitalem
749 2189 932 2239 autem
983 2189 1044 2236 in
1083 2185 1186 2240 Mt.
1240 2187 1420 2257 aliquo
1462 2193 1734 2259 reperitur
1781 2191 1974 2249 talem,
2033 2201 2094 2240 vt

311 2261 548 2314 construi
590 2259 788 2328 pollet:
847 2275 946 2326 per
985 2259 1350 2329 quemutalem
1391 2262 1508 2330 (qui
1547 2263 1668 2314 talis
1704 2260 1794 2326 est)
1845 2263 2092 2312 viuimus

310 2350 526 2384 aeuum.
562 2359 634 2370 —--
707 2347 787 2391 ις.
824 2332 899 2380 da
942 2329 1080 2381 diem
1112 2324 1383 2407 sospitem
1429 2332 1587 2383 rebus
1631 2335 1761 2385 meis
1820 2335 2091 2399 agundis:

296 2404 563 2474 *sospitare
608 2401 776 2459 velis,
823 2418 960 2471 quae
1003 2402 1171 2453 hodie
1203 2417 1302 2470 ago
1341 2430 1413 2442 -
1472 2404 1832 2473 17.Kinuictae
1881 2404 1940 2454 in
1985 2422 2091 2473 qua

307 2475 494 2534 mansi,
539 2489 567 2523 a
605 2489 711 2541 qua
736 2473 902 2524 nullis
936 2489 1027 2523 me
1056 2469 1471 2525 difficultatibus
1499 2475 2092 2545 molestiisqueabster·

307 2549 412 2597 reri
455 2546 627 2616 pallus
664 2543 783 2594 sum
813 2571 884 2583 -—--
946 2550 1024 2596 18.
1064 2562 1187 2594 nam
1232 2545 1364 2595 mihi
1411 2543 1485 2618 fi
1542 2547 1667 2598 leno
1719 2548 1990 2598 obnoxius
2029 2547 2089 2597 in

306 2619 488 2689 plagio
526 2615 781 2685 furtoque
820 2609 1182 2684 deprehensus
1204 2642 1275 2654 --
1308 2633 1385 2666 20.
1414 2619 1554 2668 cluet
1583 2620 1824 2669 victoria
1855 2617 2086 2668 victoria

284 2690 559 2749 'excellit3
599 2689 671 2738 ita
704 2688 896 2745 vincit,
933 2698 994 2736 vt
1030 2686 1342 2747 inclarescat
1366 2714 1438 2726 —-·-
1490 2707 1512 2738 2
1524 2707 1571 2750 3.
1612 2689 1729 2740 illic
1766 2691 1823 2738 in
1856 2689 2086 2750 'delubro

305 2780 417 2811 non
451 2778 512 2810 os
554 2760 779 2810 oblitum
820 2757 892 2832 ss
905 2751 1156 2830 fuligine
1193 2757 1301 2808 vid.r
1327 2774 1380 2808 v:
1404 2775 1482 2810 10.
1531 2761 1566 2809 fi
1601 2777 1629 2811 a
1656 2752 1960 2811 *iuuentute
2004 2760 2086 2810 ibi

303 2849 420 2882 non
455 2848 509 2881 es
534 2829 829 2887 'inridiculo
855 2830 1055 2886 habita,
1088 2829 1234 2899 quod
1272 2828 1390 2879 aliis
1419 2831 1793 2882 meretricibus
1826 2832 1898 2881 ita
1934 2829 2087 2882 vide·
2143 2859 2144 2862 ¹

304 2916 393 2954 tur
427 2898 697 2959 adcidiffe‚
736 2914 797 2952 vt
831 2914 889 2950 os
921 2902 988 2950 iis
1026 2900 1358 2952 oblineretur
1383 2898 1610 2971 fuligine
1642 2929 1714 2941 —-·
1755 2919 1834 2964 ²4·
1874 2903 1951 2952 26.
1984 2917 2084 2967 pa-

302 2969 561 3047 truiffime
608 2971 964 3041 superlatiuus
1006 2972 1215 3022 comice
1261 2971 1523 3026 confictus
1560 2999 1632 3011 -—-·
1693 2992 1774 3036 34.
1818 2974 2111 3041 nimisque

305 3062 526 3111 operam
554 3043 709 3101 dant,
748 3053 814 3092 vt
846 3041 1103 3108 placeant
1138 3042 1280 3092 viris
1312 3044 1366 3093 h.
1387 3044 1420 3092 l.
1452 3043 1549 3093 vbi
1574 3043 1748 3094 fermo
1783 3045 1849 3094 de
1884 3047 2083 3114 puellis

303 3114 392 3173 est,
432 3112 696 3165 sententia
732 3111 1001 3168 verissirna
1034 3112 1121 3171 est,
1171 3124 1226 3163 et
1259 3114 1365 3162 [ine
1398 3113 1566 3164 dubio
1604 3115 1782 3166 Plauti
1821 3119 2079 3183 genuina.

301 3186 410 3236 Alii
447 3186 637 3255 legunt
677 3187 957 3254 minusque
1002 3201 1222 3251 operam
1258 3186 1396 3234 dant
1431 3198 1533 3236 etc,
1578 3200 1741 3254 quam
1783 3187 2080 3238 lectionem

298 3255 600 3324 probarem,
640 3256 675 3305 fi
706 3254 877 3307 fermo
909 3254 1035 3307 effet
1073 3256 1139 3307 de
1170 3256 1443 3316 vxoribus,
1481 3267 1542 3305 vt
1570 3260 1711 3309 viris
1751 3256 1876 3306 esset
1915 3259 2076 3306 mari-

299 3329 378 3384 tis
406 3352 478 3367 --
531 3334 614 3391 38.
659 3343 760 3397 pro
805 3327 940 3396 quid
969 3326 1226 3381 Gulielm.
1261 3328 1470 3379 mauult
1506 3327 1614 3396 qui.
1690 3327 1796 3380 Sed
1833 3343 1945 3388 non
1987 3326 2075 3388 est,
