2144 3554
260 182 376 241 348
708 161 712 166 ’
813 163 816 165 ’
962 185 1033 229 m
1091 140 1402 230 Pansae*

244 310 454 374 furtum
476 320 711 371 nostrum
734 320 983 388 prodant,
1007 329 1068 368 vt
1082 319 1327 370 Herculis
1351 319 1536 372 boues
1555 319 1763 372 furtum
1785 321 1926 374 Caci.
1955 354 2023 369 ...-

254 411 333 454 19.
369 410 464 457 ego
502 392 738 441 reiiciam
776 408 991 457 operam
1035 392 1140 442 tibi
1178 406 1356 440 meam
1393 393 1451 440 in
1489 393 1812 444 reducendis
1848 395 2025 446 bubus

246 466 538 533 polliceor:
591 473 890 532 argentum,
933 461 1084 532 quod
1114 460 1563 521 commodaueris',
1599 463 1838 516 reddam.

583 602 672 653 IN
728 601 992 655 ACTVS
1052 605 1168 654 ΙΙΙ.
1254 604 1695 656 8οΕΝΑΜ”Ι;

356 695 400 726 2.
438 667 808 726 Perennita'tis
853 674 994 742 quasi
1035 675 1263 725 alicuius
1297 677 1443 728 deae.
1480 707 1549 716 -
1591 694 1635 736 3.
1657 672 1901 752 superfit·
1937 675 2023 724 ab·

246 748 391 797 vnde
422 748 496 804 sit,
559 746 786 812 ubpetat
812 745 1017 812 semper
1043 750 1285 813 'paratum
1315 749 1388 807 fit,
1404 743 1730 824 fizperstitet
1761 746 2025 817 quamdiu

244 822 451 875 vinam,
483 833 509 865 3
554 815 691 866 sumi
722 828 959 886 nequeat
986 847 1057 855 -—
1097 835 1143 877 7.
1184 819 1260 867 ad
1281 821 1380 870 hoc
1414 821 1714 884 exemplum
1738 834 1848 887 quo
1874 835 2023 868 nunc

232 886 413 940 ·modo
469 888 661 938 induta
696 906 766 939 es.
803 907 854 939 v.
885 907 923 938 1.
946 894 1068 948 3.τὸ
1093 888 1166 957 sq.
1204 918 1276 928 —-
1324 896 1370 940 8.
1410 891 1621 941 venibis
1666 889 1920 938 venderis
1951 918 2022 928 --

251 978 331 1013 11.
358 962 545 1009 mirum
571 962 698 1028 quin
720 962 947 1014 ironice,
986 972 1038 1010 et
1063 961 1277 1011 alterius
1300 960 1581 1011 deridendi
1609 961 1762 1012 causa
1794 960 2018 1009 dicitur:

242 1035 349 1083 hoc
388 1030 611 1098 quidem
645 1035 843 1082 mirum
882 1030 968 1087 est,
1017 1032 1162 1098 quod
1201 1049 1315 1083 non
1346 1043 1447 1083 etc.
1479 1057 1552 1071 -—
1601 1049 1675 1092 ¹4.
1717 1031 1926 1082 habebo
1968 1045 2021 1081 te

241 1110 339 1171 pto
369 1103 557 1151 ancilla
590 1102 785 1160 silizum,
820 1113 1003 1152 vtrum
1031 1105 1210 1169 magis
1239 1107 1344 1153 erit
1368 1106 1422 1154 in
1450 1122 1557 1153 rem
1589 1106 1801 1153 ventris
1827 1103 1929 1151 mei
1948 1132 2019 1141 --

245 1182 326 1226 18.
353 1185 412 1221 vt
435 1190 546 1223 non
569 1174 879 1224 aberremus
901 1175 966 1223 ab
989 1191 1070 1231 eo,
1102 1174 1249 1243 quod
1276 1177 1528 1225 homines
1556 1173 1755 1242 probos
1778 1173 1933 1223 decet
1950 1203 2019 1212 --

245 1263 326 1294 πο.
351 1240 648 1319 sublestior
679 1263 730 1295 v.
764 1246 960 1295 Bacch.
987 1263 1027 1304 3.
1049 1248 1096 1296 6.
1124 1265 1198 1303 13·
1233 1275 1305 1286 —-
1348 1266 1427 1305 ²3·
1465 1257 1532 1296 vt
1576 1263 1662 1294 res
1691 1243 1782 1318 ast,
1830 1243 1916 1293 sed
1959 1259 2019 1295 vt

238 1314 417 1368 ansam
456 1313 709 1367 homines
742 1318 1000 1384 praebent
1039 1317 1104 1367 ad
1139 1310 1647 1387 reprehendendum
1686 1317 2018 1367 calumnian-

238 1387 480 1455 dumque
519 1417 590 1426 --
641 1406 720 1448 30.
761 1391 910 1438 neuis
957 1395 1083 1437 non‘
1106 1391 1207 1438 vis.
1246 1386 1431 1438 frustra
1469 1395 1735 1457 repugnas
1770 1388 1908 1436 mihi
1946 1417 2017 1427 --

240 1476 322 1519 32.
357 1458 498 1528 fiat!
548 1460 615 1507 fic
645 1460 789 1516 volo,
820 1460 886 1507 fic
912 1460 1093 1509 iubeo.
1135 1478 1275 1527 qnae
1301 1461 1405 1508 hae
1442 1478 1526 1513 res
1546 1455 1727 1534 sunt?
1775 1457 1897 1507 sunt
1936 1460 2014 1508 in-

233 1529 449 1590 terdum
474 1527 706 1579 formula
743 1530 1094 1596 indignantis,
1139 1544 1191 1579 et
1215 1531 1320 1580 h.l.
1355 1541 1613 1597 putantur
1638 1529 2016 1580 stomachantis

228 1601 336 1650 >effe
363 1599 603 1669 parasiti:
649 1600 781 1668 quid
818 1602 956 1650 mihi
996 1613 1106 1651 tam
1146 1601 1242 1650 diu
1271 1600 1605 1652 aduersaris?
1645 1601 1701 1650 si
1735 1603 2014 1670 interpun-

234 1688 354 1741 gas:
392 1670 527 1746 fiat,
577 1674 717 1740 quae
760 1673 866 1721 hae
907 1668 997 1722 resv
1020 1667 1177 1748 sunt,
1226 1673 1482 1741 explicari
1521 1670 1715 1742 posset:
1765 1672 1836 1720 fic
1868 1674 2011 1730 volo,

235 1742 382 1812 quod
409 1743 514 1792 fine
547 1744 787 1811 periculo
821 1754 917 1794 tuo
942 1746 1118 1795 ventri
1141 1757 1267 1793 meo
1294 1745 1432 1804 bene
1458 1741 1617 1813 poffis
1648 1743 1921 1795 consulere
1942 1772 2014 1782 —

223 1820 314 1875 38.
359 1830 497 1881 quae
539 1824 764 1880 praeter
811 1817 933 1883 plus
986 1812 1135 1882 sapit,
1189 1816 1273 1864 seu
1318 1814 1502 1885 sapere
1548 1815 1640 1864 fibi
1677 1814 1894 1865 videtur
1941 1843 2012 1854 --

227 1902 288 1948 41
343 1885 409 1934 ad
442 1904 525 1944 43.
566 1886 713 1955 quod
758 1899 909 1955 pater
951 1906 1103 1947 v.41.
1139 1885 1343 1936 dlxerat
1386 1887 1531 1935 malo
1567 1905 1755 1935 cauere
1803 1899 1856 1936 et
1902 1883 2009 1935 filia

224 1972 380 2018 v.4z.
414 1954 705 2026 respondet
740 1958 844 2007 tibi
868 1969 1084 2008 cautum
1117 1959 1246 2009 volo
1284 1959 1319 2009 i.
1347 1974 1393 2008 e.
1427 1971 1550 2008 tuae
1583 1957 1758 2006 famae
1787 1954 2007 2008 consul-

222 2029 362 2085 tum,
410 2040 562 2095 pater
598 2029 780 2098 iungit
815 2030 918 2079 tibi
958 2030 1118 2088 mal0,
1168 2041 1223 2080 et
1256 2028 1492 2079 derideri
1530 2028 1582 2078 se
1612 2040 1807 2097 putans
1845 2046 1898 2078 V.
1920 2044 2007 2091 43.

223 2099 432 2168 quaerit
474 2100 714 2151 molusne
747 2119 845 2166 ego
866 2095 1037 2173 sum?
1072 2128 1144 2138 -·
1192 2097 1351 2172 49.Ji
1383 2101 1515 2149 milti
1543 2101 1710 2150 liceat
1747 2101 1803 2149 in
1838 2116 2007 2149 manu

217 2187 336 2220 mea
369 2187 451 2220 res
482 2169 621 2229 esset,
665 2173 797 2222 mila·
834 2173 1015 2221 lubere
1038 2172 1189 2221 haud
1216 2172 1401 2222 lubeat
1425 2186 1556 2229 non,
1591 2170 1741 2240 quod
1766 2170 1869 2220 tibi
1893 2171 2000 2239 pla-

216 2255 349 2298 ceat,
380 2242 585 2309 placeat
618 2244 788 2294 mihi:
828 2241 995 2292 filiam
1028 2242 1278 2294 vendere.
1351 2243 1549 2293 Pareus
1577 2259 1643 2293 ex
1677 2243 1826 2309 prius
1864 2243 1998 2291 cnfis

212 2315 448 2380 recepit:
487 2331 676 2363 verum
718 2315 901 2364 lubere
936 2313 1084 2365 haud
1124 2315 1302 2371 liceat,
1339 2314 1372 2363 fi
1409 2315 1590 2363 lubeat
1622 2316 1762 2364 mihi
1798 2343 1869 2351 —
1918 2331 1996 2374 57.

209 2389 351 2435 'nunc
381 2384 650 2434 hominum
692 2380 795 2436 τῶν
833 2383 921 2435 νῦν
961 2383 1242 2452 α’νθροόπων
1275 2385 1584 2443 hominurn,
1635 2385 1817 2455 quales
1850 2398 1999 2435 nunc

207 2451 351 2512 sunt,
403 2466 465 2504 vt
502 2455 648 2524 apud
679 2456 826 2524 Virg.
865 2465 994 2506 ante
1034 2455 1312 2516 malorum,
1347 2456 1490 2526 apud
1522 2457 1646 2507 Ter.
1669 2450 1892 2531 semper
1928 2455 1996 2505 le-

208 2528 358 2575 nitas
390 2555 461 2564 -
515 2535 593 2584 58·
632 2527 933 2576 cuiusmodi
983 2544 1098 2576 cum
1120 2519 1291 2601 sama
1327 2529 1624 2594 explicant:
1671 2528 1876 2595 puellas
1908 2542 1996 2577 cu-

206 2598 532 2666 iuscumque
568 2596 744 2648 famae
784 2595 943 2647 facile
975 2599 1131 2655 nubi,
1179 2597 1328 2666 quod
1358 2598 1582 2667 quidem
1614 2597 1714 2647 est:
1754 2599 1843 2648 vel
1886 2610 1993 2648 tur·

204 2666 432 2736 piffimis
486 2669 697 2736 probris
760 2667 1062 2720 diffamatas
1113 2671 1378 2737 mulieres¹
1420 2672 1509 2720 hic
1568 2670 1789 2719 Athenis
1835 2666 1992 2719 facile

205 2739 444 2796 nubere,
501 2741 625 2790 dum
671 2741 776 2790 dos
811 2741 970 2791 modo
996 2738 1084 2810 fit
1115 2770 1188 2779 ——
1231 2744 1314 2801 64.
1343 2738 1551 2792 Festus:
1617 2742 1873 2792 Soractem
1903 2741 1991 2788 vel

189 2805 517 2889 sarracum,
557 2827 728 2880 genus
764 2811 1035 2869 vehiculi,
1077 2827 1186 2881 quo
1214 2812 1525 2863 ornamenta
1566 2822 1849 2878 portantur
1885 2809 1989 2861 sce-

202 2883 476 2932 nicorum.
552 2883 710 2933 Gloff.
758 2885 1001 2933 Sarraca
1029 2878 1208 2938 οἵμικέοι
1240 2912 1312 2922 -
1355 2885 1437 2933 66.
1473 2882 1613 2933 filiae
1652 2881 1837 2931 dotem
1867 2898 1986 2950 pro·

201 2953 375 3004 mittit
417 2968 478 3001 ex
523 2956 649 3002 artis
684 2952 803 3003 suae
833 2954 986 3002 libris
1005 2947 1302 3028 sexcentos
1336 2954 1508 3019 logos,
1546 2951 1782 3011 facetias,
1821 2952 1983 3003 dicte·

200 3025 297 3077 ria.
338 3022 596 3075 ridicule!
628 3022 719 3074 sed
749 3025 1047 3080 Homerum
1080 3039 1300 3092 quoque
1321 3026 1571 3075 Aelianus
1601 3040 1648 3086 9.
1680 3041 1758 3084 ις.
1790 3036 1983 3081 narrat,

200 3093 404 3166 Cypria
450 3093 540 3145 sua
582 3098 817 3145 carmina
860 3094 1001 3144 filiae
1040 3098 1098 3144 in
1137 3095 1317 3146 dotem
1359 3095 1555 3146 dediffe
1591 3114 1672 3132 ——o
1712 3097 1795 3151 67.
1828 3093 1982 3145 Asco-

200 3167 328 3218 nius
362 3165 572 3216 Si'culos
607 3183 784 3235 neque
817 3182 1019 3234 graeca,
1063 3169 1240 3233 neque
1270 3168 1433 3216 latina
1464 3168 1648 3236 lingua
1685 3167 1826 3217 bene
1860 3164 1981 3216 vsos

202 3235 302 3287 ess'e
351 3236 582 3289 testatur.
619 3236 733 3288 Cic.
773 3237 806 3286 fi
841 3238 1016 3287 literas
1051 3254 1263 3304 graecas
1305 3239 1528 3287 Athenis
1567 3248 1680 3286 non
1717 3237 1976 3302 Lilybaei,

201 3309 394 3359 latinas
429 3309 637 3363 Romae
682 3325 795 3361 non
843 3309 901 3361 in
939 3309 1125 3364 Sicilia
1170 3307 1434 3362 didicisses
1473 3337 1545 3349 --
1582 3310 1665 3361 68.
1704 3307 1796 3360 vel
1841 3311 1996 3358 men-¹
