2144 3554
339 190 451 243 370
611 204 614 206 -
820 173 822 180 ’
989 185 1057 227 m
1101 185 1463 229 --Rvnmris

333 334 545 381 vtram;
579 337 706 371 nam
730 318 999 389 sequitur:
1038 318 1354 385 respondete
1386 317 1607 392 istarum
1634 322 1815 372 vicem
1851 352 1920 362 -
1953 326 2104 378 Vete³

332 410 413 449 res
449 407 629 444 tamen
664 391 784 442 edd.
827 391 1026 440 habent
1070 392 1382 458 quampiam
1419 420 1491 429 --
1530 411 1613 452 42.
1647 394 1905 444 Herculi:
1957 399 2103 463 quod
2140 400 2142 403 ’

332 465 472 515 serui
502 477 774 531 tamquam
798 460 992 510 statuae
1017 460 1234 518 adstant,
1265 461 1457 519 clauae,
1497 463 1554 512 in
1574 462 1805 512 'modum
1835 465 2105 527 Herculis,

331 546 576 605 gerentes
615 562 684 571 ——-
721 554 749 592 4
759 551 803 592 5.
835 530 1078 603 destituit
1115 530 1307 589 statuit,
1351 532 1609 584 adstantes
1643 535 1863 602 reliquit
1908 565 1977 575 --
2021 557 2100 598 55.

334 626 369 656 a
394 602 565 680 craffo
597 599 900 676 infortunio
934 603 997 652 ab
1036 601 1357 658 infortunio,
1406 604 1552 671 quod
1582 605 1765 663 clauae
1797 607 1982 655 craffae
2017 607 2104 656 da·

329 678 472 727 bunt
511 704 581 714 -—
623 693 698 735 57.
728 676 959 741 prouenz'
980 675 1221 740 nequiter
1243 671 1532 733 infeliciter
1561 692 1642 725 res
1674 676 1811 724 mihi
1836 676 2100 743 processit.

331 750 398 797 fic
421 749 568 796 Men.
595 763 638 805 ς.
663 763 704 804 ς.
725 750 806 794 61.
829 747 984 793 nimis
1008 755 1336 809 prouentum>
1354 744 1428 819 est
1451 749 1709 815 nequiter.
1748 746 1853 796 Sed
1871 748 2031 799 Truc.
2057 768 2104 800 2,

331 837 381 882 4.
402 837 421 881 5
436 836 480 880 5.
507 834 664 886 quum
693 816 821 866 bene
843 814 1143 888 prouenisti
1153 811 1338 890 salua.
1554 835 1556 845 >

640 962 728 1013 IN
784 962 1055 1013 ACTVS
1110 964 1219 1012 ΙΙΙ.
1304 961 1643 1013 SCENAM
1693 964 1787 1014 VI.

429 1051 476 1094 7.
520 1045 798 1084 conuerret
835 1053 912 1083 me
947 1048 1006 1084 vt
1052 1035 1240 1084 ancilla
1277 1045 1632 1101 purgamenta
1665 1033 1754 1084 seu
1789 1033 2102 1102 quisquilias

330 1105 519 1171 scopis,
561 1107 628 1156 fic
663 1122 752 1155 me
797 1106 886 1154 ille
924 1107 1123 1174 pugnis
1163 1104 1496 1174 fustibusque
1538 1118 1673 1160 ruet,
1726 1115 1861 1173 aget,
1911 1105 2103 1153 tundet

330 1194 446 1225 cum
482 1171 784 1296 puluisculo
818 1188 878 1227 vt
901 1176 972 1228 'ne
1012 1176 1344 1245 puluisculus
1381 1175 1601 1244 quidem
1637 1179 1747 1224 mei
1778 1175 2004 1241 superet,
2042 1189 2101 1224 vt

328 1244 586 1299 funditus
651 1248 788 1297 elear
821 1276 892 1286 -—-
934 1264 982 1309 9.
1016 1249 1334 1316 ᾳιιιιηιᾛίηε
1356 1239 1643 1319 profu-'tus
1675 1264 1759 1304 es,
1812 1243 2098 1304 discefflsti,

330 1318 405 1366 ad
445 1337 526 1367 me
563 1321 642 1368 ire
677 1332 736 1369 vt
775 1318 842 1366 ad
872 1335 961 1368 me
996 1321 1116 1368 ires.
1203 1317 1441 1385 Quidam
1480 1334 1607 1367 vero
1653 1319 1842 1385 legunt
1883 1320 1991 1376 ires
2031 1345 2101 1364 ——.

336 1406 415 1438 11.
466 1390 682 1440 vicinus
726 1390 955 1441 Veneris
995 1392 1152 1439 cuius
1198 1391 1328 1438 villa
1372 1404 1400 1436 a
1431 1388 1562 1439 [fano
1592 1389 1811 1438 Veneris
1853 1388 2101 1455 proxime

329 1458 469 1509 abest
490 1489 560 1498 --
596 1478 675 1519 14.
703 1471 838 1525 opta
862 1460 998 1527 elige
1031 1488 1102 1497 -—-
1135 1478 1148 1508 1
1165 1476 1211 1521 5.
1240 1461 1365 1524 rapi
1388 1459 1599 1509 obtorto
1630 1460 1766 1508 collo
1793 1459 1904 1507 vid.
1929 1459 2096 1508 Poen.

332 1548 377 1588 3.
399 1548 442 1590 ς.
466 1548 547 1591 45.
588 1532 736 1580 trahi
774 1529 1006 1598 pedibus
1038 1559 1109 1568 --
1152 1534 1226 1579 18.
1267 1530 1396 1578 illos
1433 1546 1568 1596 quos
1606 1547 1645 1580 1.
1669 1548 1711 1578 2.
1743 1548 1781 1578 1.
1811 1540 1911 1580 etc.
1943 1528 2100 1581 dimi-

326 1599 464 1650 serat
488 1603 655 1651 —ad
672 1612 892 1666 portum
909 1601 1060 1652 Cam.
1085 1602 1298 1654 mauult
1319 1601 1395 1650 ad
1412 1611 1649 1664 portam,
1679 1600 1828 1649 Aeid.
1857 1619 1892 1655 a
1911 1610 2096 1665 portu,

328 1672 419 1719 alii
445 1675 520 1720 ad
535 1664 718 1742 forum
752 1699 821 1710 --
863 1690 942 1731 23.
973 1672 1332 1733 arrhabonem
1363 1671 1501 1727 Ptol.
1527 1690 1584 1731 45
1607 1670 1716 1740 sqq.
1754 1699 1825 1708 ——
1869 1689 1946 1725 ῖς.
1973 1688 2096 1736 pro-

326 1745 476 1798 vexi,
526 1734 560 1791 ‘e
598 1754 762 1811 portu
794 1743 1036 1812 quidem,
1076 1740 1166 1792 sed
1199 1744 1418 1810 propius
1453 1741 1518 1790 ad
1551 1741 1738 1791 fanum
1773 1742 1992 1792 Veneris
2026 1771 2097 1781 -—-—

330 1831 388 1874 33
422 1813 487 1861 ad
517 1815 596 1874 36.
632 1810 982 1864 Charmidem
1029 1812 1248 1882 adparet
1282 1814 1468 1869 lenoni
1503 1810 1772 1878 insultare.
1809 1824 1874 1862 vt
1911 1817 2094 1863 nacta*

328 1903 383 1933 es
433 1882 733 1943 fortunam,
789 1885 928 1934 habe
965 1883 1047 1934 fer
1088 1888 1207 1935 eam
1247 1884 1387 1934 bono
1433 1899 1602 1953 aequo
1644 1885 1854 1934 animo:
1908 1884 2097 1933 melius

325 1971 487 2022 quam
519 1958 578 2004 vi
608 1957 723 2024 rapi
752 1953 843 2029 est,
879 1966 934 2005 te
967 1957 1022 2006 in
1061 1973 1280 2006 neruum
1310 1957 1369 2003 in
1407 1955 1629 2005 vincula
1662 1972 1951 2021 conrepere
1984 1971 2097 2005 non

322 2029 650 2076 renitentem
687 2026 854 2095 sequi.
930 2026 1165 2076 Plurimi
1197 2026 1672 2086 multihomines,
1723 2042 1912 2077 onmes
1937 2026 2098 2076 male-

323 2095 431 2155 fici,
455 2100 616 2165 quod
645 2114 775 2167 quas
810 2096 1067 2147 scelerum
1100 2113 1301 2164 poenae
1331 2107 1604 2162 exoptant
1627 2110 1876 2165 exoptare
1910 2097 2096 2147 viden-

323 2178 412 2217 tur
419 2166 550 2239 fibi,
589 2170 646 2218 id
673 2170 871 2234 obtigit
889 2169 991 2218 tibi
1016 2183 1192 2236 poena
1217 2179 1271 2218 te
1296 2166 1585 2236 adsequuta
1614 2166 1701 2226 est,
1736 2178 1802 2216 vt
1828 2169 1905 2226 id,
1947 2169 2096 2235 quod
2127 2184 2130 2186 ’

322 2249 603 2306 quaerunt,
636 2242 917 2288 inueniant
921 2238 1036 2312 fibi
1044 2258 1066 2290 .·
1106 2255 1241 2307 quae
1273 2239 1410 2290 mala
1437 2237 1676 2290 scelestos
1708 2251 1976 2297 maneant,
2004 2255 2096 2289 ne·

321 2313 531 2359 minem
564 2310 718 2360 latet:
773 2312 869 2378 qui
907 2327 1035 2379 ergo
1068 2308 1267 2360 scelesti
1314 2301 1499 2360 tamen
1540 2308 1680 2368 sunt,
1713 2310 1852 2360 mala
1884 2310 1979 2359 [ibi
2018 2311 2096 2359 vi-

259 2408 262 2409 r
322 2381 520 2431 dent-ur
553 2398 824 2447 quaerere,
862 2394 916 2432 et
951 2398 1009 2431 ea
1041 2394 1098 2431 tu
1133 2396 1283 2431 nunc
1311 2379 1566 2431 inuenisti
1600 2409 1669 2420 --
1708 2398 1786 2447 37.
1812 2379 1925 2448 post
1945 2383 2094 2446 pari-

315 2463 407 2502 ter
441 2454 594 2521 sequi
634 2451 767 2502 solet
795 2462 863 2510 et,
904 2470 985 2511 ac,
1024 2463 1203 2520 atque,
1243 2450 1333 2502 seu
1365 2454 1579 2518 pariter
1610 2453 1872 2520 repetitur
1901 2450 2096 2520 ipsum,

319 2524 427 2575 hoc
462 2539 592 2573 vero
638 2524 760 2574 loco
792 2522 1033 2592 sequitur
1067 2525 1280 2591 qualis.-
1333 2523 1584 2592 nequiter
1624 2521 1842 2581 suades,
1889 2536 1950 2573 vt
1983 2521 2098 2590 ipse

319 2612 553 2663 nequam
582 2610 654 2644 es.
694 2623 765 2632 —-
804 2601 882 2654 58.
915 2612 1110 2659 rapere
1145 2595 1341 2663 raperis
1388 2622 1459 2632 --
1506 2611 1587 2657 39.
1621 2596 1782 2643 etiam
1811 2594 2094 2643 retentas?

318 2669 551 2716 retinere
575 2681 664 2714 me
688 2664 939 2715 conaris?
976 2693 1048 2703 --
1082 2682 1166 2727 4²·
1201 2667 1327 2715 dum
1357 2666 1554 2730 recipis
1581 2665 1721 2715 redis
1743 2693 1814 2703 -—
1846 2681 1928 2725 43.
1962 2682 2097 2729 rape

319 2739 486 2787 tribui
510 2736 642 2786 solet
664 2735 1026 2803 Pleulidippo.
1059 2739 1154 2805 qui
1177 2752 1307 2786 vero
1334 2734 1426 2786 hic
1450 2736 1544 2785 fibi
1575 2732 1684 2803 ipse
1714 2735 1894 2803 potuit
1917 2734 2096 2785 dicere

321 2810 494 2874 rape?
547 2808 764 2857 Lorario
797 2806 1151 2857 tribuendum
1183 2818 1335 2875 puto,
1374 2808 1488 2874 qui,
1526 2805 1795 2862 incensus,
1837 2805 1982 2874 quod
2007 2803 2098 2854 fur

317 2892 620 2935 vocaretur,
640 2877 975 2928 adolescenti
995 2879 1214 2928 clamat:
1245 2896 1380 2942 rape
1398 2875 1725 2931 maledicum
1742 2904 1814 2915 --
1834 2871 2100 2949 46.semel

318 2951 459 2999 bibo.
495 2950 560 2999 de
590 2951 734 2999 malo
762 2950 963 3016 aliquo,
1006 2960 1068 2998 vt
1100 2948 1166 2997 de
1191 2950 1417 3018 potione
1444 2949 1640 3016 aliqua,
1678 2947 1896 2997 Plautus
1926 2948 2097 3016 loqui-

316 3034 406 3071 tur
445 3019 674 3088 saepius.
744 3021 888 3070 -Aul.
923 3039 964 3070 ι.
996 3037 1043 3079 5.
1078 3038 1155 3069 12.
1206 3020 1408 3068 malurn
1453 3011 1746 3067 moeroiem
1792 3028 1978 3068 metuo
2025 3033 2097 3067 ne

226 3118 230 3125 ι
314 3090 530 3141 mistum
564 3091 753 3140 bibam.
830 3087 945 3140 Cas.
969 3107 1011 3150 ς.
1037 3109 1080 3140 2.
1105 3107 1182 3149 53.
1217 3104 1277 3140 vt
1312 3089 1468 3139 senex
1495 3090 1614 3150 *hoc
1661 3088 1844 3139 eodem
1874 3089 2092 3153 poculo,

314 3178 423 3231 quo
462 3178 561 3229 ego
597 3161 734 3218 bibi,
775 3160 991 3210 biberet.
1066 3159 1382 3210 Charmides
1408 3157 1655 3227 repudiat
1687 3159 1898 3207 lenonis
1922 3157 2111 3226 hospi-v

313 3236 472 3291 tium,
504 3231 673 3299 quod,
702 3248 828 3279 eum
855 3230 1132 3298 sequutus,
1157 3231 1464 3300 naufraguS,
1492 3229 1688 3297 opibus
1717 3228 1826 3279 suis
1852 3228 2094 3297 perditis,

242 3343 245 3347 f
312 3307 406 3356 vix
437 3320 603 3354 Vnam
647 3300 946 3352 seruauerat
989 3302 1186 3361 vitam;
1241 3305 1441 3355 iterum
1478 3315 1593 3352 non
1642 3300 1764 3350 vult
1801 3299 2095 3351 infortunii
