2144 3554
93 77 106 110 t
180 86 210 100 ι·
941 107 943 110 ,

92 140 110 149 η’
517 128 521 134 ἱ
581 186 790 234 ici-vs
827 167 900 228 ll.
967 183 1222 234 seeum
1262 167 1306 231 1.
1349 168 1423 228 11.
1774 188 1883 244 175

65 291 67 294 ·
121 319 194 384 cf.
217 323 416 378 Mihz.
444 320 493 375 6.
526 322 642 373 ΠΙ.
694 283 850 369 Most.
882 333 927 381 ς.
958 333 1000 375 1,
1028 321 1075 368 8.
1114 335 1210 356 -ί
1237 332 1318 383 ς9.
1351 335 1458 369 non
1483 318 1891 373 dormitandum

101 392 474 475 *somnicolose
513 402 569 443 'et
602 391 938 466 negligenter
969 387 1254 457 agendum.

472 531 558 584 IN
618 531 889 584 ACTVS
932 530 1003 581 11.
1077 528 1421 582 SCENAM
1473 531 1514 581 1.

234 625 277 660 ι.
304 605 468 665 Senes
503 606 561 654 in
590 602 774 654 medio
803 602 1073 672 prodeunt
1104 601 1395 669 conloquio
1425 603 1624 671 alique,
1652 610 1707 652 et
1722 599 1892 671 Apoe-

112 678 270 736 cides
305 676 478 737 forsan
513 676 662 725 intus
698 674 874 724 adhuc
917 673 1053 722 dixit
1097 691 1158 723 eo
1186 667 1324 748 sunt
1362 674 1607 738 ingenio,
1659 684 1754 721 aut
1787 674 1893 723 tale

71 792 73 795 ,
161 746 290 808 uid,
334 749 423 799 cui
460 749 706 815 iungeret
742 745 989 813 Plerique
1026 743 1278 793 homines.
1360 743 1462 794 Pro
1499 744 1737 793 homines
1776 745 1893 814 qui·

122 769 248 871 gam
293 818 544 871 Plautum
585 814 831 885 scripfiss'e
870 825 1065 884 putant
1107 832 1316 871 omnes,
1381 830 1542 882 quam
1591 814 1895 864 dictionem

25 905 88 953 ‘ig
115 890 159 943 1.
183 890 246 942 C.
272 889 505 959 Scaliger
549 898 703 957 putat
752 904 846 957 per
888 884 1326 936 emendationem
1376 901 1592 955 augere:
1648 888 1895 954 plerique

122 963 295 1013 immo
334 978 542 1012 omnes:
597 957 744 1029 quod
793 973 920 1010 vero
973 958 1006 1006 fi
1050 956 1201 1015 effer,
1250 972 1355 1005 vox
1400 958 1644 1026 plerique
1681 955 1896 1025 prorsus

122 1028 265 1084 foret
296 1028 490 1091 otiosa3
528 1030 710 1081 verius
739 1040 920 1079 autem
954 1029 1227 1096 plerisque
1253 1027 1450 1077 vitium
1479 1029 1700 1098 aliquod
1733 1027 1898 1078 ineffe

166 1101 294 1155 otest
326 1101 463 1160 dici,
515 1117 677 1169 quam
716 1100 980 1159 omnibus,
1039 1111 1092 1149 et
1128 1100 1391 1166 explicare
1426 1099 1726 1149 dictionem
1767 1100 1898 1148 mal·

123 1123 263 1242 fem:
299 1173 544 1240 plerique
585 1173 814 1222 omnium
851 1171 956 1220 i.·e.
989 1169 1263 1236 plerique,
1303 1183 1371 1216 ne
1411 1169 1586 1219 dicam
1629 1190 1896 1220 omnes—-

128 1264 150 1297 1
189 1244 255 1294 ad
285 1261 325 1306 ς.
372 1241 558 1310 Carpit
591 1241 979 1310 Periphanem,
1030 1256 1219 1308 quem,
1267 1257 1438 1307 quum
1473 1242 1758 1290 mulierem
1801 1243 1898 1291 ho·

22 1358 23 1362 ,
51 1376 60 1388 ,
93 1369 95 1373 Α
123 1314 323 1369 nestam
354 1310 552 1365 faceret
585 1312 892 1383 grauidam,
938 1310 1033 1362 vbi
1067 1308 1384 1379 pudendum
1423 1324 1560 1367 erat,
1597 1312 1775 1378 pudor
1808 1312 1898 1362 de·

66 1432 77 1443 .
123 1386 379 1443 lenierat,
431 1395 582 1435 nunc
618 1399 750 1434 vero
799 1380 1074 1439 eamdem,
1132 1397 1194 1430 ex
1245 1398 1350 1447 qua
1399 1381 1508 1431 filia
1551 1385 1602 1433 ei
1652 1394 1773 1432 nata
1821 1385 1898 1438 [it.

121 1472 346 1511 vxorem
392 1450 588 1507 ducere
635 1453 836 1522 pudeat
878 1483 946 1492 —
1000 1471 1044 1513 ς.
1078 1468 1176 1519 pro
1212 1450 1398 1524 filiam
1442 1452 1600 1505 codd.
1643 1454 1902 1505 nonnulli

123 1540 179 1580 et
218 1525 339 1578 edd.
385 1539 494 1577 vet.
527 1525 732 1575 habent
757 1520 1047 1598 familiam
1081 1551 1152 1561 —-
1198 1531 1246 1573 6.
1287 1523 1529 1575 inridens
1568 1525 1898 1591 Apoecides:

122 1597 420 1659 credebam,
456 1606 510 1647 te
541 1613 791 1652 vxorem,
830 1611 987 1664 quam
1031 1604 1093 1643 tu
1128 1594 1303 1644 extuli
1328 1592 1388 1653 li,
1428 1594 1714 1665 sepeliuisti
1753 1596 1896 1659 (Aul.

129 1690 177 1723 2.
211 1689 250 1722 ι.
279 1685 360 1732 34.
399 1679 509 1718 erat
544 1660 709 1739 foras
738 1660 923 1740 ferre)
963 1666 1173 1731 pudore
1207 1685 1275 1714 ex
1307 1668 1427 1734 equi
1463 1670 1700 1718 reuereri
1738 1696 1809 1706 -—-
1848 1685 1897 1727 7.

87 1800 89 1803 .
111 1734 420 1817 sacruficjas
459 1730 614 1788 illico·
653 1755 780 1788 orco
824 1734 1033 1810 hosc'ias
1071 1738 1265 1804 gratias
1315 1753 1444 1788 orco
1492 1736 1688 1796 refers,
1747 1738 1900 1809 quod

52 1819 53 1822 ’
122 1806 177 1864 te
216 1807 549 1883 superstitem
589 1824 754 1858 vxore
796 1805 975 1858 odiosa
1019 1807 1272 1858 liberauit
1310 1837 1381 1846 —
1429 1814 1476 1859 8.
1513 1828 1630 1859 eam
1661 1810 1900 1859 viuendo

52 1938 53 1941 ,
122 1885 338 1950 vincere
386 1881 437 1930 ei
485 1876 829 1949 superuiuere
877 1906 948 1916 —-
999 1894 1046 1940 9.
1089 1880 1351 1929 Hercules
1400 1897 1498 1944 ego
1530 1873 1635 1952 fui
1688 1882 1899 1932 labores

122 1952 372 2011 sustinui,
410 1950 681 2002 herculeis
715 1966 826 2000 non
865 1951 1051 1998 minus
1092 1949 1355 2005 molestos,
1394 1952 1520 2000 dum
1557 1951 1659 2001 illa
1701 1970 1902 2002 mecum

33 2044 46 2074 .·
105 2020 238 2101 fuit
274 2017 536 2095 quamdiu
578 2022 744 2072 huius
792 2022 976 2071 vxoris
1019 2019 1112 2071 sub
1149 2022 1377 2090 imperio
1413 2023 1597 2089 gemui
1632 2051 1703 2061 —-·
1739 2039 1788 2087 9.
1822 2041 1900 2073 ιο.

45 2104 61 2134 0'
132 2100 307 2150 Sexta
337 2108 595 2146 aerumna
621 2092 875 2144 Herculis
902 2104 1139 2158 putatur,
1177 2091 1323 2160 q-uod
1354 2092 1707 2162 Hippolyten,
1745 2096 1902 2144 Arna·

123 2181 332 2219 zonum
377 2165 651 2235 reginam,
715 2164 932 2214 baltheo
989 2162 1258 2230 spoliauit.
1325 2163 1438 2213 vid.
1479 2164 1629 2215 Men.
1662 2183 1706 2215 1.
1740 2183 1787 2227 3.
1822 2183 1897 2224 ¹7·

36 2266 38 2269 ·
121 2239 298 2291 Notus
336 2249 390 2288 et
423 2233 639 2286 verlnsz
670 2234 977 2284 Threiciam
996 2227 1166 2308 sexto
1198 2233 1446 2303 spoliauit
1479 2236 1753 2286 Amazona
1789 2237 1901 2287 bal-

120 2312 268 2363 theo.
337 2308 510 2376 Vulgo
549 2292 949 2375 Styrnphalides
986 2320 1111 2354 aues
1151 2304 1356 2357 deletae
1401 2305 1574 2356 sextus
1609 2325 1900 2357 numeran-

47 2404 49 2406 ·
119 2389 211 2431 tur
244 2377 497 2431 Herculis
523 2375 767 2426 labor—
807 2392 885 2426 11.
922 2377 1107 2444 pulcra
1148 2376 1262 2435 doe,
1303 2395 1442 2445 quae
1485 2396 1594 2427 non
1631 2372 1900 2429 maritat'a

122 2451 203 2527 est*
236 2466 391 2520 quae,
428 2463 596 2501 vxore
633 2459 859 2504 mortua,
903 2462 1069 2515 penes
1107 2448 1287 2497 virum
1327 2446 1415 2498 est.
1488 2449 1597 2500 Hic
1637 2461 1779 2500 certe
1813 2467 1899 2502 ex·

53 2532 55 2534 ’
120 2523 340 2595 plicatio
370 2522 504 2571 haec
536 2520 721 2570 locum
756 2518 956 2569 habere
994 2516 1179 2587 potest.

468 2662 555 2714 IN
621 2660 889 2713 ACTVS
946 2660 1019 2710 11.
1093 2658 1440 2711 SCENAM
1491 2659 1562 2709 11.

235 2750 278 2786 ι.
313 2727 558 2810 auspicio
596 2733 803 2801 liquido
845 2732 1016 2789 claro,
1056 2742 1229 2787 certo,
1273 2730 1394 2790 seu,
1435 2730 1581 2800 quod
1619 2744 1737 2778 aere
1767 2725 1899 2780 sudo

126 2819 367 2874 purojue
403 2803 697 2856 ostenditur
739 2829 810 2841 —-
861 2822 905 2854 2.
947 2804 1040 2852 aui
1111 2800 1303 2874 zng‘sira
1347 2801 1614 2872 prospera.
1696 2801 1899 2868 Augur,

125 2875 260 2924 meri
299 2875 418 2926 iem‘
438 2875 712 2944 spectans,
751 2873 814 2922 ad
851 2871 1102 2923 sinistram
1140 2873 1372 2924 habebat
1405 2874 1715 2928 Orientem,
1752 2871 1901 2920 v‘nde

129 2935 318 2997 sinistra
350 2947 679 3013 putabantur
707 2943 886 3009 fausta,
923 2956 1047 2994 ortu
1080 2944 1304 3012 quidem
1338 2961 1502 3012 quam
1539 2944 1764 2992 interitu
1797 2943 1901 2992 lae·

124 3016 264 3065 tiore
289 3032 360 3054 ‘·-—-
390 3035 434 3066 2.
461 3034 507 3078 3.
544 3015 703 3075 senis,
746 3017 842 3084 qui
875 3018 1029 3084 (quo)
1070 3013 1403 3083 marsupium
1439 3025 1742 3065 exenterem
1768 3026 1900 3063 tarn·

122 3101 290 3155 ’quam
325 3084 524 3152 piscem
573 3089 913 3155 leporemue,
976 3096 1191 3135 acutum
1233 3086 1463 3136 cultrum
1514 3086 1637 3135 satis
1681 3082 1901 3134 astutiae

126 3157 386 3206 habeo—
420 3173 463 3218 ς.
497 3154 761 3234 exsugebo
804 3160 868 3208 ab
907 3159 1131 3224 antiquo
1172 3153 1434 3232 injugeo,
1482 3174 1582 3224 pro
1624 3150 1896 3228 exfitgam.

127 3227 245 3278 Hos
281 3225 462 3294 versus
498 3226 741 3299 quinque
773 3227 1038 3295 Epidicus
1077 3228 1274 3279 fecum.
1349 3231 1555 3278 Interea
1591 3224 1739 3276 senes
1770 3243 1899 3293 pau-

92 3354 97 3359 ,
128 3298 251 3351 cula*
288 3297 649 3368 conloquutos
681 3299 782 3372 effe
819 3309 1058 3369 oportet,
1102 3313 1242 3367 quae
1276 3300 1518 3350 exaudiri
1556 3313 1670 3347 non
1709 3309 1899 3364 potue·
