2144 3554
235 179 354 240 344
508 125 514 127 .
788 250 792 255 ,
863 124 1008 255 ⁹⁸¹¹*
1073 180 1312 224 mensu

235 317 498 386 quamdiu
537 316 723 384 potest,
761 325 815 364 et
846 316 1061 383 quoties
1099 315 1358 384 loquitur,
1401 315 1565 366 vex-ha
1613 315 1830 385 proferte
1855 335 2015 386 quam

234 386 563 459 paucissima.
639 387 891 456 Ignauiae
922 387 1026 435 hoc
1057 386 1140 443 est,
1180 386 1497 452 qnam'lerio
1525 387 1574 435 ei
1597 406 1636 441 ς.
1659 392 1802 437 ι.6’8.
1832 404 2015 457 expro-

240 462 354 510 brat
389 488 460 498 -—-
497 478 543 515 q,
572 460 647 508 -z'cl
681 476 761 514 eo,
800 474 982 507 amore
1019 465 1144 506 tuus
1168 451 1358 530 scatet
1398 457 1648 508 turbidus
1681 457 1751 508 est
1784 460 2014 511 animus.

247 533 466 583 scatere
515 527 716 598 spectat
759 528 1054 593 plat-idum.
1154 528 1379 588 Palmer.
1424 546 1522 597 pro
1557 523 1747 603 scatet
1771 530 2020 590 „malebat
2063 526 2070 532 ’

232 612 389 666 Nearet
413 629 483 640 -
531 621 541 648 ι
566 621 604 649 z..
635 600 783 668 qnod
813 601 867 646 in
891 597 1001 646 Mff.
1032 596 1103 645 est
1130 599 1243 647 eius
1266 600 1417 652 auris
1441 616 1579 669 quae
1598 613 1777 651 ortum
1804 600 1860 649 id
1885 617 2020 652 non·

236 673 377 724 nulli
406 681 600 743 putant
627 688 689 721 ex
717 673 829 731 eiu-s
857 687 1018 720 aures
1043 670 1113 718 iis
1141 686 1297 738 quae.
1725 695 1728 698 ·

558 811 645 861 IN
708 809 980 862 ACTVS
1005 862 1008 865 ,
1037 811 1112 861 ΙΙ.
1201 809 1553 860 SCENAM
1610 813 1686 861 11.

348 899 393 934 τ.
423 882 484 933 V
479 882 746 932 erbereum
771 892 939 948 caput
972 883 1004 931 i
1027 900 1078 950 q.
1107 881 1347 931 verbero.
1410 881 1779 939 Coniecerunt
1799 879 2023 949 quidam

237 971 546 1004 verueceum
573 963 742 1017 caput
768 970 864 1021 pro
892 954 1116 1004 homine
1144 951 1369 1021 stupido.
1435 953 1590 1020 Apud
1616 954 1862 1002 Plautum
1893 968 2023 1002 vero

239 1022 356 1075 Cas.
379 1043 421 1081 ⁴3.
450 1042 490 1073 2.
518 1042 533 1080 ς
565 1037 618 1075 et
641 1023 807 1074 Merc.
834 1042 878 1084 5.
905 1043 944 1081 ²,-
966 1030 1014 1075 6.
1050 1042 1302 1073 verueces
1328 1039 1441 1071 non
1462 1021 1615 1074 sunt:
1659 1022 1873 1092 stupidi,
1905 1021 2021 1072 sed:

239 1096 302 1145 ad
336 1097 596 1145 Venerem
626 1096 797 1164 inepti
832 1125 904 1134 —
943 1096 990 1145 6.
1022 1097 1108 1146 Eo
1135 1095 1251 1144 dem
1275 1095 1478 1160 pignus
1504 1105 1674 1144 tecum
1705 1112 1794 1145 me
1822 1096 2021 1144 melius

236 1164 388 1222 scire,
429 1179 560 1234 quot
603 1167 700 1216 lint
741 1168 879 1216 mihi
920 1166 1175 1234 digiti‘in
1207 1183 1391 1222 manu.
1428 1183 1591 1234 quam
1622 1179 1681 1217 tu
1717 1163 1835 1222 scis,
1872 1164 2023 1234 quod

238 1253 339 1306 ego
384 1238 487 1286 tibi
530 1237 658 1287 dixi.
733 1236 1060 1287 Diffaldaeus
1099 1267 1170 1275 -
1207 1254 1254 1296 7.
1275 1233 1400 1310 fine
1425 1256 1505 1287 me
1535 1237 1615 1286 ire
1646 1253 1770 1287 cum
1810 1237 2022 1286 tabellis

241 1321 293 1358 et
320 1307 588 1359 mandatis
613 1309 722 1358 tuis
751 1309 817 1358 ad
849 1307 1262 1357 Lemniselenen
1291 1335 1361 1346 --
1399 1318 1452 1358 et
1479 1308 1632 1358 iubeo
1659 1319 1712 1358 et
1727 1305 1866 1377 fino,
1907 1323 2019 1362 non

239 1379 405 1430 modo
423 1376 552 1452 sino
583 1393 634 1429 te
662 1381 756 1435 ire,
802 1379 889 1428 sed
916 1381 1080 1431 etiam
1107 1379 1259 1428 iubeo
1299 1406 1370 1417 —-
1411 1385 1460 1430 8.
1497 1389 1564 1429 vt
1594 1376 1838 1452 domisis
1873 1394 2024 1427 meae

237 1448 435 1506 redux,
478 1469 637 1518 quum
675 1468 772 1515 ego
801 1461 856 1499 te
889 1452 979 1501 vix
1017 1451 1131 1500 illic
1169 1445 1269 1523 effe
1308 1446 1577 1524 censeam,
1612 1452 1707 1500 i.e.
1738 1463 2022 1517 properato
2093 1452 2095 1459 ’

239 1538 377 1590 opus
422 1520 520 1579 est,
578 1534 638 1571 vt
685 1522 843 1570 citius
887 1522 1173 1590 negotium
1221 1518 1548 1578 confeceris,
1601 1537 1765 1590 quam
1821 1526 1923 1587 ego
1970 1533 2025 1570 te
2071 1571 2074 1575 ,

240 1592 509 1642 inchoasse
543 1606 727 1659 putem
761 1621 831 1630 —
872 1609 919 1653 9.
957 1609 1093 1661 puer
1124 1593 1229 1640 hoc
1263 1593 1334 1641 ita
1362 1592 1570 1643 iocatur
1598 1591 1924 1648 intellexiste,
1956 1603 2025 1659 ,vt

240 1663 395 1713 domi
429 1662 552 1713 suae
591 1663 688 1714 effe
727 1664 991 1719 iubeatur,
1040 1663 1259 1730 quando
1303 1661 1368 1711 ad
1411 1663 1642 1731 puellam
1677 1661 1828 1712 iuiffe
1873 1675 2021 1731 pute-

240 1747 328 1785 tur
360 1763 432 1773 ·--
481 1751 556 1785 ιο.
595 1735 806 1802 aliquid
835 1745 890 1784 te
918 1734 1204 1800 peculiabo
1237 1733 1452 1785 donabo
1480 1734 1582 1785 tibi
1618 1733 1840 1801 aliquid,
1877 1731 2025 1802 quod

240 1805 306 1856 ad
346 1806 622 1874 peculium
660 1819 814 1855 tuum
849 1805 1086 1856 adiicias.
1187 1805 1352 1862 Sunt.
1406 1807 1501 1874 qui
1536 1805 1630 1856 fibi
1671 1802 1851 1855 nescio
1894 1804 2028 1873 qnid

242 1874 496 1926 obscoeni
542 1876 755 1926 odorari
800 1877 892 1926 hic
928 1878 1230 1933 videantur,
1274 1877 1342 1927 ob
1379 1877 1707 1928 vlitatiorem
1749 1876 1803 1925 in
1833 1877 2024 1944 primis

241 1947 392 1997 vocis
422 1949 757 2013 inpudicitia
781 1946 1246 2016 significationem,
1262 1964 1398 2016 quae
1422 1948 1562 1997 mihi
1579 1964 1707 1998 vero
1728 1948 1821 1997 hic
1843 1949 2028 1998 locum

242 2035 353 2069 non
392 2018 607 2068 videtur
654 2020 866 2069 habere.
900 2049 973 2058 —-
1031 2036 1106 2070 ιι.
1141 2018 1275 2070 dicit
1322 2034 1484 2087 puerz
1530 2013 1659 2094 scio
1713 2031 1907 2068 notum
1955 2016 2027 2068 est

228 2089 374 2165 fidei
407 2091 570 2141 herili
595 2088 860 2158 promiffia
900 2090 1022 2140 heri
1054 2088 1208 2140 seruo
1244 2089 1380 2140 datis
1412 2100 1480 2140 vt
1509 2085 1830 2155 obprobrari
1841 2084 2028 2165 soleat

243 2174 303 2211 vt
343 2160 505 2210 ineIIe
549 2160 760 2212 dicatur
797 2162 1130 2227 inpudicitia
1165 2161 1272 2212 hoc
1306 2162 1533 2221 vitium,
1585 2171 1644 2211 vt
1680 2161 1791 2210 non
1826 2161 2030 2230 pudeat

242 2234 418 2289 heros,
460 2232 488 2279 fi
524 2229 787 2299 promiffis
829 2231 937 2283 istis
968 2249 1082 2283 non
1110 2230 1244 2282 stent
1275 2261 1347 2271 —
1393 2251 1468 2283 ιι.
1506 2251 1601 2283 nec
1613 2226 1804 2308 subigi
1833 2249 2027 2301 quean-

242 2313 336 2354 tur
370 2322 623 2372 vmquam
663 2314 717 2352 et
758 2315 819 2355 vt
854 2304 976 2372 cogi
1016 2319 1130 2353 non
1169 2299 1362 2372 possint
1404 2303 1540 2362 heri,
1576 2314 1643 2353 vt
1677 2320 1783 2370 pro
1822 2323 1885 2354 ea
1916 2302 2029 2375 fide

242 2374 485 2424 habeant
521 2376 744 2425 iudicem
773 2385 834 2424 vt
862 2393 889 2426 a
927 2373 1098 2432 seruo,
1142 2367 1211 2424 ob
1248 2375 1564 2444 promiffum
1592 2390 1704 2425 non
1739 2373 2027 2434 seruatum,

243 2445 301 2495 in
335 2446 417 2496 ius
449 2448 634 2495 vocari
657 2441 852 2514 possint
873 2474 946 2486 --
966 2455 1234 2517 queantur
1257 2445 1452 2497 eodem
1475 2445 1662 2503 modO,
1703 2455 1762 2494 vt
1784 2456 2030 2513 coeptum

245 2514 338 2602 ffi'
389 2515 605 2566 additur
647 2515 940 2568 infinitiuie
978 2515 1230 2587 Ραίῐίιιίε,14
1262 2516 1503 2568 actiuum
1557 2519 1835 2586 vtriusque
1876 2518 2031 2567 verbi

245 2587 539 2638 infinitivis
584 2589 776 2637 actiuie
811 2617 883 2627 --
934 2606 1007 2648 ¹3·
1049 2606 1149 2654 ego
1194 2587 1449 2638 laudabis
1469 2580 1629 2660 faxo
1669 2590 1801 2638 haec
1845 2584 2027 2645 verba,

246 2674 382 2728 quae
421 2659 661 2727 l'aegnio
710 2650 874 2711 Gibui
915 2657 1103 2714 solent,
1151 2659 1436 2710 tribuenda
1485 2658 1607 2709 [unt
1651 2658 1879 2710 Toxiioz
1938 2658 2031 2709 abi

244 2731 405 2780 mado
442 2747 549 2797 quo
599 2725 740 2786 inm,
791 2747 888 2796 ego
925 2730 1184 2781 laudabis
1212 2723 1371 2803 faxo
1407 2729 1690 2799 promiss‘o,
1737 2729 1884 2798 quod
1926 2730 2030 2779 tibi

246 2799 391 2857 dedi,
421 2799 578 2853 stabo.
590 2796 699 2877 sed
712 2814 813 2851 etc.
844 2829 910 2837 --
944 2817 1019 2858 17.
1042 2797 1226 2875 paffer
1250 2803 1491 2852 marinus
1518 2801 1757 2851 struthio.
1777 2800 1888 2850 vid.
1912 2814 2026 2852 not.

248 2871 311 2923 ad
350 2872 514 2922 Poen.
544 2890 586 2931 5.
611 2892 651 2922 ε.
675 2890 754 2931 ςι.
780 2868 1029 2943 struthio
1076 2873 1147 2921 ita
1196 2873 1378 2923 volare
1423 2871 1572 2932 solet,
1621 2884 1680 2922 vt
1723 2888 1751 2920 a
1797 2885 1931 2922 terra
1976 2868 2030 2923 se

247 2959 360 2991 non
404 2944 570 3000 tollat,
609 2941 715 2997 [ed.
760 2945 960 2992 alarum
1000 2940 1153 3012 pass'is
1190 2943 1345 3002 velis,
1385 2962 1491 2994 vna
1523 2959 1747 2995 currens
1780 2944 2027 3012 remiget.

250 3013 447 3080 Quare.
465 3031 633 3082 quum
648 3015 786 3063 Tox.
810 3012 1022 3065 iuffiffet
1046 3013 1178 3064 vola
1206 3016 1494 3072 curriculo,
1519 3009 1653 3084 puer
1674 3011 1853 3064 secum
1877 3014 2028 3065 dicit:

248 3082 383 3158 istuc
397 3083 647 3158 struthio
668 3079 818 3160 solet
850 3114 922 3124 --
973 3091 1046 3135 ις.
1074 3087 1197 3152 quis
1229 3087 1364 3136 haec
1398 3085 1680 3136 feminine.
1718 3104 1772 3136 v.
1799 3085 1959 3154 Epid.
1978 3104 2027 3146 4.

256 3166 365 3207 μή.
395 3184 467 3195 --
512 3174 590 3206 τε.
627 3156 941 3220 perhibetur
974 3156 1172 3207 dicitur
1206 3185 1277 3195 --
1317 3174 1396 3208 ιι.
1431 3173 1530 3224 pro
1567 3157 1754 3215 obieci,
1794 3155 1941 3226 quod
1974 3157 2032 3206 in

249 3225 366 3276 Mff.
416 3225 517 3285 est,
578 3226 844 3276 Camerar.
894 3225 1125 3278 restituit
1173 3228 1371 3278 obicem
1423 3229 1459 3277 i.
1490 3244 1536 3277 e.
1585 3228 1730 3292 apud
1783 3228 2033 3277 ancillam

249 3297 409 3358 hanc,
429 3313 567 3370 quae
586 3314 678 3349 me
697 3311 1010 3351 remoratur.
1071 3299 1261 3351 Douza
1283 3300 1496 3352 mauult
1517 3299 1774 3351 inebram.
1827 3297 2030 3350 festae:
