2144 3554
407 0 866 228 -
1392 125 1405 151 ι

195 211 310 267 292
373 209 375 215 ’
856 208 924 250 ΙΝ
984 174 1301 251 Psevbom

151 334 156 340 ’
194 341 363 395 Dorio
385 340 543 391 docet
567 339 925 391 Terentianus
950 339 1167 388 Phorm.
1193 348 1236 394 3.
1261 355 1302 388 ς.
1325 355 1400 397 37.
1422 355 1445 388 z,
1475 341 1707 408 repperi,
1741 340 1835 408 qui
1849 341 1988 400 :deth

131 439 139 446 ,
198 430 313 465 non
353 414 681 461 lacrurnet—
725 428 835 459 102.
877 411 1020 458 bona
1055 408 1320 470 *tihi-vtili
1351 427 1536 474 opera,
1589 421 1686 460 aut
1721 412 1821 464 Jm'c
1855 430 1974 463 mea

152 484 157 491 “
197 482 403 541 fraude,
450 498 556 551 qua
594 479 752 531 soleo.
860 481 963 530 Alii
1002 474 1313 547 intelligunt
1348 482 1454 550 hac
1486 499 1603 529 mea
1642 498 1810 543 manu
1854 483 1890 530 i.
1913 493 1986 533 'es

103 587 123 595 -
184 554 363 606 furto.
448 553 713 602 Meurfius
749 551 1007 619 exp-licat:
1061 567 1170 617 quo
1205 551 1350 608 iure,
1389 568 1493 620 qua
1532 553 1727 605 iniuria
1761 549 1970 619 poffim.

200 626 526 677 Gulielmius
550 624 657 689 legi
681 622 799 671 vult
826 634 877 670 et
898 622 1154 690 explicat:
1193 621 1336 670 bona
1364 625 1457 672 aui
1479 621 1715 689 auspicio
1745 623 1973 692 liquido,

203 715 373 763 opera
403 696 548 745 mala
579 695 699 743 aliis
724 691 976 754 damnosa
1006 721 1051 730 -
1092 709 1202 742 ιοτ.
1222 687 1575 765 supercilium
1596 689 1740 813 (alit
1769 702 1986 745 veteres}>

202 767 508 823 credebant,
533 766 565 813 st
588 781 707 832 pars
729 765 907 832 aliqua
926 764 1163 829 corporis
1188 763 1369 830 suapte
1389 763 1577 832 sponte
1618 766 1894 816 'ubfiliilset
1915 782 1977 814 ac

201 851 351 891 mota
385 837 525 894 efl'et,
560 835 833 884 eiusmodi
871 835 1316 903 palpitatiouibus'
1353 846 1446 884 aut
1480 835 1722 904 prosperi
1766 850 1858 887 aut
1889 837 1977 888 ad—

135 943 141 947 n
202 911 333 960 versi
363 908 494 978 quid
527 905 778 975 portendi
810 935 855 944 -
898 911 1008 955 106.
1042 907 1206 954 dictis
1222 899 1398 978 facea
1422 901 1731 980 subpetanc
1763 906 1978 976 respon·

204 981 382 1037 deant,
418 991 508 1037 vt,
535 993 674 1046 quae
702 976 895 1035 dixisti,
931 975 1118 1026 effecta
1147 977 1240 1026 des
1268 1006 1314 1015 -
1359 994 1470 1036 107.
1502 996 1614 1026 mea
1628 975 1703 1047 fi
1723 981 1981 1028 commoni

189 1047 365 1129 sacra
403 1067 549 1100 meas
591 1062 744 1104 artes,
793 1054 986 1112 τέχνας
1015 1064 1162 1098 meas
1194 1077 1240 1086 -
1292 1053 1402 1097 108.
1440 1049 1703 1098 turbellas
1746 1050 1833 1099 seu
1866 1061 1978 1099 tur·

205 1123 353 1174 helas
375 1125 507 1172 dare
531 1120 728 1170 Bacch.
747 1137 795 1178 4.
815 1135 862 1182 9.
888 1135 1000 1181 134.
1031 1119 1283 1168 turbellas
1316 1116 1507 1177 facere,
1536 1122 1570 1168 i.
1592 1137 1641 1188 q.
1672 1121 1864 1170 turbas
1889 1119 1983 1171 seu

205 1194 470 1246 turbulas.
517 1192 643 1241 Ter.
659 1191 802 1239 Eun.
822 1208 871 1251 4.
896 1209 935 1247 ς.
963 1208 976 1239 t
997 1209 1035 1241 1.
1065 1190 1381 1239 eunuchum
1403 1206 1567 1259 quem
1592 1191 1980 1249 dedistinobis,

206 1270 324 1333 (pro
369 1264 671 1319 Eunucho,
726 1261 991 1311 mentitus
1024 1261 1372 1310 Eunuchum
1433 1260 1554 1326 ell'e)
1608 1281 1745 1330 quas
1792 1263 1982 1312 turbas

209 1337 361 1388 dedit
386 1364 449 1373 =-—
505 1341 616 1392 1¹18.
663 1343 811 1383 tun-m
861 1343 1087 1397 tangam
1132 1332 1404 1400 decipiant
1447 1344 1679 1397 patrem.
1752 1333 1980 1404 Epid.5.

212 1424 348 1470 ².40.
383 1419 436 1459 te
466 1407 622 1473 tetigi
650 1406 871 1472 triginta
899 1405 1065 1452 minis
1100 1433 1146 1442 -
1189 1421 1300 1452 120.
1333 1404 1564 1467 pietatis
1606 1421 1759 1455 meae
1797 1399 1980 1480 causa,

209 1494 308 1548 ego
353 1493 467 1527 non
510 1476 784 1525 iudicabo
819 1476 1062 1540 inpium,
1118 1475 1151 1521 fi
1198 1484 1404 1541 patrem
1446 1488 1784 1545 matremque
1831 1474 1985 1529 dece·
2038 1477 2045 1486 ’

208 1550 353 1619 peris
392 1578 438 1586 —
485 1563 572 1607 1²3
616 1545 683 1594 ad
723 1547 835 1593 126.
880 1543 1113 1594 ridicule
1166 1557 1356 1594 monet
1400 1560 1588 1596 ornnes
1643 1545 1983 1614 spectatores,

206 1624 437 1671 iuuenes
463 1618 739 1686 senesque,
775 1614 1027 1684 ipsosque
1057 1616 1261 1664 amicos
1296 1613 1435 1673 su08,
1472 1631 1700 1668 caueant
1743 1619 1800 1666 in
1840 1619 1988 1668 hunc

206 1693 370 1748 diem,
409 1705 479 1738 ne
501 1700 782 1756 argentum
807 1703 993 1737 eorum
1021 1685 1330 1737 subfuretur
1357 1715 1404 1724 -
1446 1696 1557 1738 128.
1587 1707 1751 1738 crura
1772 1690 1990 1739 lenonis

207 1763 417 1812 mallem
446 1760 718 1827 crepuisse,
740 1757 909 1808 fracta
937 1757 1036 1807 effe
1056 1787 1102 1795 —
1128 1774 1235 1820 ¹²9·
1263 1760 1484 1822 penitus
1505 1762 1781 1824 periurum
1804 1772 1985 1828 caput.

206 1834 455 1885 Muretus
489 1832 701 1882 mauult
734 1833 971 1887 Poenus,
1006 1831 1280 1894 periurum
1311 1839 1496 1894 caput.

555 1973 642 2022 IN
706 1972 980 2024 ACTVS
1039 1973 1079 2021 Ι.
1154 1971 1507 2022 SCENAM
1563 1974 1640 2024 11.

321 2061 364 2094 ι.
391 2045 530 2094 male
562 2061 686 2094 cum
719 2044 916 2104 damno
946 2060 1071 2093 meo
1095 2044 1271 2094 habiti
1301 2045 1397 2112 qui
1422 2043 1661 2095 sumtum
1695 2056 1808 2093 non
1842 2059 1990 2094 exer·

213 2128 340 2165 cent
369 2114 544 2173 sumn,
581 2117 776 2166 laboris
810 2115 889 2165 sui
926 2112 1390 2165 fructu'alimenta
1423 2131 1537 2164 non
1567 2112 1917 2180 compensant
1943 2143 1991 2155 -

213 2187 355 2236 male
404 2187 679 2237 conciliati
725 2203 862 2254 quos
916 2188 1134 2236 mallem
1186 2203 1297 2235 non
1351 2187 1568 2253 emill'e,
1612 2187 1737 2235 Ter.
1774 2186 1912 2235 Eun.
1935 2204 1985 2245 4.

214 2274 266 2320 4.
290 2275 333 2307 2.
378 2287 424 2296 -
477 2275 522 2318 3.
563 2259 638 2307 ad
675 2260 777 2307 hoc
816 2258 1113 2322 exemplum
1144 2254 1407 2308 scuticam
1456 2257 1672 2307 videtur
1716 2256 1991 2307 ostendisse

214 2329 400 2381 minax
435 2357 480 2367 -
527 2345 570 2389 ς.
608 2347 803 2378 noceas
839 2328 1184 2397 defatigando
1232 2341 1284 2378 te
1325 2323 1750 2398 —flagritribae
1795 2330 1868 2378 ita
1915 2327 1991 2378 fe-

215 2397 426 2456 riendi,
495 2410 555 2447 vt
605 2413 930 2468 rumpantur
985 2400 1161 2469 flagra.
1220 2398 1499 2459 Pers.z.4.
1527 2417 1572 2458 7.
1626 2400 1901 2461 ‘vlmitriba
1940 2430 1987 2438 —

220 2472 269 2520 6.
296 2470 445 2535 clepe
479 2486 507 2519 a
545 2473 746 2520 κλέπτω
778 2469 951 2528 furor,
1002 2484 1062 2521 vt
1093 2471 1350 2536 harpaga
1388 2471 1454 2519 ab
1497 2471 1714 2535 οὲρποίζω
1756 2469 1906 2539 'rapio
1943 2499 1992 2510 —

219 2556 269 2605 9.
306 2559 474 2606 opera
486 2532 710 2612 fallunt
742 2542 962 2592 inutiles
997 2540 1120 2591 sunt
1145 2571 1190 2579 -
1235 2560 1309 2591 12.
1347 2551 1414 2589 vt
1446 2541 1636 2590 valide
1673 2543 1834 2589 varia
1847 2537 1985 2612 fint.

220 2611 311 2661 Sic
342 2611 500 2680 Epid.
527 2629 565 2661 ι.
605 2630 642 2661 1.
674 2630 750 2673 ις.
785 2615 877 2679 qui
904 2615 1063 2662 varie
1092 2612 1280 2664 valent
1315 2628 1549 2680 quorum
1575 2625 1787 2679 tergum
1817 2613 1989 2680 virgis

222 2695 276 2733 et
303 2684 427 2732 loris
463 2681 614 2751 saepe
644 2680 750 2733 fuit
779 2696 1125 2750 cruentatum
1149 2711 1194 2721 -
1236 2700 1311 2744 13·
1345 2681 1732 2755 peristromata
1766 2681 1991 2751 stragula

221 2756 543 2820 campanica
588 2756 646 2802 in
685 2754 981 2823 Campania
1013 2756 1249 2804 laborata
1290 2782 1336 2791 --
1379 2773 1455 2813 ¹4·
1497 2753 1863 2803 alexandrina
1908 2763 1991 2802 ta·

218 2827 376 2890 petia
426 2823 668 2873 belluatcz
710 2826 1009 2875 belluarum
1063 2824 1244 2894 figuris
1299 2825 1518 2874 intextis
1568 2826 1801 2891 pectine,
1854 2840 1993 2893 quae

222 2895 332 2963 ipsa
365 2896 652 2959 babylonia
680 2897 993 2965 phrygiaue,
1032 2913 1132 2946 acu
1174 2898 1337 2963 picta,
1372 2894 1739 2963 pulcritudine
1781 2893 1992 2960 supera·

222 2964 374 3019 ,bantss
423 2966 679 3016 Plurimis
707 2985 836 3018 vero
865 2969 1005 3017 liciis
1032 2980 1240 3025 texere‚·
1259 2982 1392 3035 quae
1415 2967 1676 3034 polymita
1706 2964 1994 3033 adpellanu,

221 3036 537 3087 Alexandria
572 3037 816 3088 instituit.
877 3040 1019 3089 Plin.
1046 3038 1116 3088 H.
1140 3037 1374 3096 N.8.40.
1409 3064 1458 3077 —·—
1491 3047 1734 3101 tapetum
1778 3035 1991 3087 Nonius

226 3107 325 3158 effe
372 3107 533 3158 dicit:
584 3122 802 3177 tegmen
848 3113 996 3158 vnite
1043 3111 1255 3177 pictum
1307 3106 1373 3156 de
1418 3110 1584 3156 variis
1638 3107 1913 3157 coloribus
1945 3110 1993 3147 -ἑ-

223 3180 602 3247 conchyliatus
637 3181 786 3230 color
816 3180 884 3228 est
918 3197 947 3229 e
989 3180 1231 3229 caeruleo
1266 3191 1319 3228 et
1351 3179 1529 3236 rubro,
1565 3179 1738 3247 qualis
1770 3179 1994 3227 Martiae

223 3251 398 3300 violae
427 3250 640 3305 dicitur,
672 3264 724 3300 et
747 3266 1072 3319 purpureus,
1111 3248 1334 3300 ostrinus
1358 3261 1459 3298 etc.
1489 3278 1535 3286 —
1576 3256 1648 3298 18.
1667 3265 1765 3317 pro
1791 3251 1994 3298 vincite

223 3320 488 3373 Meurfius
531 3319 709 3372 forsan
752 3335 896 3373 recte
936 3341 1042 3373 vos
1080 3323 1297 3372 vincere
1327 3333 1389 3370 vt
1426 3321 1660 3372 vincatis.
1696 3321 1797 3370 hoc
1837 3319 1992 3388 tergi·
