2144 3554
244 185 380 246 380.
849 191 854 198 ’
946 189 1018 233 m
1078 190 1300 234 sncm

515 308 1740 412 COMMENTARIVS

758 501 917 552 'IN
1010 501 1432 553 PLAVTI

329 643 383 717 S
570 641 644 713 T
836 641 871 711 I
1054 639 1120 713 C
1298 640 1379 712 H
1559 641 1625 713 V
1806 641 1915 714 M.

587 937 674 988 IN
723 935 994 990 Achs
1059 940 1101 990 1.
1142 1003 1145 1005 ,
1186 939 1539 994 SCENAM
1598 941 1641 991 1.
1725 966 1728 969 -

346 1047 388 1081 1.
418 1048 462 1081 2.
498 1027 939 1151 miseramsfuff
980 1052 1049 1084 ex
1090 1036 1271 1085 animo
1294 1036 1607 1103 Penelopen
1641 1043 1818 1084 totum
1853 1028 2010 1080 [uum

233 1101 478 1151 animum
520 1103 706 1154 dolore
766 1105 943 1159 enfiffe
979 1104 1273 1157 adfectum.
1346 1106 1436 1157 Sic
1453 1105 1682 1175 Epid.4.
1706 1121 1747 1153 1.
1777 1121 1815 1152 1.
1852 1093 2009 1174 miser

233 1191 303 1221 ex
343 1176 521 1225 animo
557 1204 628 1212 —
676 1194 721 1227 z.
758 1186 870 1226 tam
913 1178 1007 1227 diu
1042 1177 1240 1246 viginti
1293 1193 1576 1228 31111084-
1611 1190 1807 1225 vocem
1838 1174 2013 1223 vidua

231 1242 480 1295 Muretus
521 1246 711 1306 eiecit,
753 1246 912 1315 ‘quod
950 1247 1144 1312 Vlyss'ee
1187 1248 1363 1299 adbuc
1401 1249 1623 1299 vixerit:
1674 1245 1764 1297 sed
1801 1242 2011 1314 saepius

233 1329 458 1367 vocatur
504 1319 677 1368 vidua
719 1319 881 1368 >cuius
933 1318 1019 1369 vir
1072 1318 1226 1369 abest.
1317 1318 1507 1370 Senec.
1550 1319 1866 1388 Agamemn.
1894 1330 2008 1374 157.

234 1386 424 1437 decem
466 1405 563 1455 per
613 1404 783 1438 annos
824 1388 990 1439 vidua
1039 1389 1321 1458 respiciam
1372 1392 1556 1442 virum
1601 1419 1672 1428 —-
1719 1406 1768 1451 4.
1808 1384 2008 1460 nostris

229 1475 376 1524 pone
416 1475 647 1509 comma.
719 1459 1066 1527 lungendum
1102 1462 1251 1510 enim
1290 1458 1390 1511 est:
1438 1461 1736 1525 Penelopes
1772 1460 2009 1507 animum

232 1531 300 1579 de
338 1528 540 1602 nostris
574 1530 641 1578 se.
677 1532 873 1580 animis
890 1524 1080 1604 factis
1116 1533 1152 1581 i.
1172 1547 1216 1581 e.
1257 1529 1821 1602 reapsenoscimus—
1855 1546 1898 1589 ς.
1921 1545 2021 1577 ηε-,

229 1603 398 1665 gotics
448 1595 724 1677 absentum
745 1597 1061 1677 sollicitae.-
1119 1616 1180 1654 vt
1222 1619 1337 1653 rem
1379 1601 1702 1676 familiarem
1736 1615 2005 1651 curemus.

229 1671 342 1722 vid.
373 1691 421 1732 4.
449 1690 488 1721 1.
512 1690 591 1722 20.
626 1700 698 1712 ·-—-
734 1689 782 1735 9.
809 1670 953 1745 adsis
992 1674 1116 1722 dum
1160 1674 1316 1744 paulo
1348 1675 1622 1733 vrbaniun,
1668 1689 1832 1742 quam
1872 1671 2007 1719 ades

230 1745 371 1793 dum.
409 1772 481 1782 --
518 1759 596 1795 10⁵.
631 1738 854 1817 saluene
884 1746 994 1812 agit
1033 1745 1115 1794 vir
1139 1745 1308 1796 tuus?
1339 1746 1451 1799 Sic
1480 1745 1628 1796 Men.
1653 1761 1694 1805 ς.
1719 1761 1760 1794 2.
1787 1743 1864 1791 26.
1884 1735 2003 1816 sal-

225 1833 362 1864 vene
389 1815 618 1863 aduenio
642 1813 857 1865 saluene
885 1817 1015 1883 agis,
1045 1815 1112 1863 ad
1139 1817 1505 1886 quamevenim
1518 1811 1746 1892 saluene
1773 1812 2008 1864 saluisne

226 1886 391 1935 rebus
426 1887 535 1936 tuis
579 1902 669 1935 me
707 1881 893 1963 arc-effi,
934 1887 1122 1938 iubes?
1191 1887 1299 1937 Alii
1343 1889 1554 1938 malunt
1588 1881 1777 1960 saluae
1818 1903 1884 1935 ne
1917 1899 2005 1935 res

225 1959 330 2007 viri
363 1959 444 2007 tui
480 1956 642 2007 sunt?
677 1985 748 1995 —
789 1975 868 2019 14.
896 1957 1013 2006 Mff.
1044 1971 1096 2008 et
1124 1957 1245 2008 edd.
1279 1953 1465 2081 &fficio
1495 1960 1611 2017 vti,
1646 1963 1788 2009 vnus'
1813 1957 2000 2007 Lamb.

223 2028 457 2078 malebat
466 2021 647 2101 fungi
671 2057 742 2067 —
774 2044 851 2091 19.
879 2030 1109 2079 diuitiae
1133 2029 1247 2079 vid.
1327 2047 1354 2078 a

223 2100 409 2150 tudini
442 2100 667 2150 Truc.2.
695 2117 738 2158 ς.
762 2116 839 2159 13.
886 2129 955 2138 —
1006 2117 1085 2151 21.
1121 2102 1271 2168 quod
1308 2111 1472 2168 pater
1505 2097 1696 2173 facere
1743 2102 1999 2157 minatur,

224 2183 286 2220 vt
318 2173 563 2222 animum
594 2183 754 2221 tuum
781 2171 1064 2230 excruciet,
1104 2171 1236 2222 dum
1268 2189 1294 2222 a
1335 2174 1476 2230 viro,
1514 2188 1679 2241 quem
1712 2187 1874 2229 amas,
1915 2172 2003 2221 ab·

204 2243 387 2293 ‘ducat
428 2254 498 2299 te,
540 2242 739 2309 aliique
772 2255 825 2292 te
858 2242 1063 2291 nubere
1101 2255 1258 2310 cogat
1284 2272 1356 2283 --
1396 2261 1475 2302 30.
1508 2243 1733 2293 triennii
1766 2243 2003 2293 absentia

222 2315 467 2384 legitima
498 2315 638 2384 patri
672 2313 891 2366 videtur
917 2312 1142 2363 diuortii
1169 2313 1267 2363 effe
1297 2312 1451 2364 causa
1476 2343 1563 2353 -ν
1589 2331 1671 2376 3²·
1698 2316 1831 2381 quid
1863 2330 2003 2383 quae

223 2387 444 2453 negotia
477 2393 668 2450 agant,
707 2385 898 2452 ecquid
917 2387 1198 2435 lucrantes
1230 2401 1289 2435 ea
1317 2395 1489 2450 agant
1512 2414 1583 2424 --
1619 2401 1703 2446 4²·
1726 2403 1808 2446 43.
1839 2396 2003 2454 atque

223 2458 390 2507 aliter
431 2474 533 2505 nos
555 2448 807 2528 faciant,
854 2474 1015 2523 quam
1055 2473 1281 2524 aequum
1318 2454 1392 2529 esi
1429 2458 1552 2514 alio,
1593 2471 1755 2524 quarn
1801 2455 2001 2509 debent

223 2529 410 2579 animo
455 2528 513 2576 in
558 2542 660 2578 nos
709 2527 821 2576 [int.
894 2527 1081 2578 Lamb.
1127 2527 1284 2595 legit:
1344 2529 1400 2578 in
1443 2543 1544 2577 nos
1586 2524 1785 2576 faciant
1812 2522 1996 2602 ficus,

223 2615 386 2668 quam
411 2609 512 2648 etc.
578 2597 816 2648 Gronov.
858 2611 1039 2662 autem
1076 2598 1241 2649 aliter
1271 2616 1373 2647 nos
1406 2590 1628 2667 faciant
1665 2614 1778 2647 non
1816 2600 1998 2649 minus

219 2672 386 2722 latine
415 2670 527 2720 dici
554 2668 852 2726 contendit,
876 2685 1038 2735 quarn
1060 2670 1262 2734 magni,
1286 2660 1453 2734 par-‘m'
1474 2670 1704 2737 aliquem
1710 2663 1909 2741 facere
1928 2698 2000 2709 -

222 2759 308 2803 44.
342 2758 427 2802 45.
474 2758 541 2790 ne
575 2741 618 2789 fi
666 2741 772 2790 viri
819 2751 1047 2809 peccent
1094 2741 1226 2807 quid
1263 2740 1439 2809 aliqua
1481 2742 1541 2790 in
1579 2757 1655 2799 re,
1706 2743 1879 2807 magis
1927 2741 1998 2791 ob

223 2829 410 2863 eorum
433 2814 718 2881 peccatum
724 2808 902 2884 fimus
928 2811 1195 2862 obnoxiae
1219 2811 1409 2879 culpae
1434 2824 1731 2879 compotes,
1755 2813 2000 2870 omnibus

224 2883 422 2950 opibus
456 2881 799 2952 summopere
839 2882 992 2933 decet
1028 2880 1266 2932 nostrum
1311 2880 1552 2932 officium
1592 2882 1895 2932 meminiffe
1929 2912 2000 2923 -

220 2961 308 3018 48.
353 2971 440 3004 eos
484 2955 731 3011 honor-es,
781 2970 918 3020 quos
959 2953 1088 3002 mihi
1123 2953 1329 3010 habuit,
1380 2954 1476 3022 qui
1519 2969 1608 3002 me
1646 2969 1771 3020 prae
1809 2957 1999 3004 ceteris

220 3041 446 3078 vxorem
489 3025 584 3073 fibi
636 3023 852 3093 delegit.
896 3022 1152 3091 fidelique
1191 3025 1374 3073 animo
1421 3037 1475 3073 et
1523 3025 1760 3092 benigno
1803 3027 1862 3074 in
1907 3042 1999 3075 me

222 3110 278 3147 et
311 3096 567 3146 clementi
596 3093 720 3152 fuit,
752 3112 861 3144 non
894 3094 1144 3161 perdidit
1181 3111 1294 3144 non
1325 3094 1491 3144 oblita
1527 3110 1734 3154 eorum,
1772 3112 1875 3146 nec
1917 3098 1998 3146 in-

219 3178 366 3237 grata
394 3164 477 3216 fui
514 3194 584 3205 —--
631 3182 708 3226 50.
744 3166 878 3215 haec
903 3166 1148 3221 conditio
1180 3166 1593 3216 matrimonium
1621 3169 1748 3215 cu'm
1780 3184 1844 3218 eo
1873 3184 1999 3218 con-

219 3250 452 3289 tractum
488 3265 559 3274 —
592 3239 838 3303 poenitet
878 3237 934 3285 h.
963 3237 998 3287 l.
1047 3235 1420 3305 personaliter,
1481 3253 1510 3285 a
1544 3239 1827 3301 pontin-20,
1872 3255 2000 3289 cum

219 3310 566 3362 nominatiuo
606 3308 716 3359 rei:
766 3308 1012 3361 conditio
1050 3325 1130 3358 me
1164 3325 1269 3360 non
1294 3308 1552 3374 poenitet,
1593 3306 2000 3379 inpersonaliter

1362 2030 1394 2080 s.
1418 2048 1462 2081 2.
1486 2049 1529 2080 2.
1553 2047 1570 2079 1
1589 2023 1807 2104 1.senio
1837 2029 2003 2097 aegri·
2043 2050 2055 2053 -

2115 582 2144 710 ‚al—225*
2130 535 2144 567 bt.
2127 431 2144 514 »nah
