2144 3554
285 197 400 252 322
959 198 1029 240 m
1084 197 1381 266 *Poruvtr

288 332 683 401 comprehensis
713 330 901 384 subtus
942 323 1168 400 capilliss,
1214 340 1364 401 quos&
1393 332 1593 385 deinde
1631 348 1775 388 retro
1812 338 2057 392 flectunt.

287 404 515 457 Arnobii
539 404 658 452 libr.
680 422 722 453 2.
748 404 899 452 Iocus
939 402 1010 451 ad'
1030 404 1178 453 huhc
1202 404 1421 454 ‘versum
1458 400 1614 456 citari
1636 405 1794 459 solet:
1835 411 2062 462 laminas

286 473 672 544 pertunderent
697 475 931 532 aurium,
969 468 1322 525 inminuererzt
1321 470 1556 548 frontes
1584 480 1797 539 nimbis,
1835 479 2062 550 fuligine

288 546 472 596 oculos
509 546 883 594 inumbrarent
912 571 984 582 —-
1039 548 1150 605 136.
1176 541 1416 619 sustolle
1453 549 1737 599 amiculum
1772 552 1921 618 quod
1964 554 2063 601 hu·

283 621 439 666 mum'
465 618 645 666 verrit.
720 616 842 666 Hoc
878 616 1062 665 dicens
1091 617 1327 684 puellam
1387 619 1534 668 >aullo
1563 619 1818 673 licentius
1846 623 2062 674 videtur

288 686 613 747 adtrectaffe,
667 703 827 754 quare
859 702 946 735 ea:
1006 703 1116 747 137.
1154 698 1299 752 pura
1321 636 1468 763 jlzm,
1522 709 1799 758 comperce
1835 714 1916 743 me
1961 696 2058 743 ad-

285 769 535 808 trectare.
620 758 947 808 Lambinus:
1003 774 1155 826 aegre
1192 756 1370 810 ferens
1406 761 1615 828 puella,
1668 775 1848 832 rogat,
1898 765 1955 813 id
1992 782 2064 814 ne

283 829 463 888 faciat,
502 847 660 896 quum
692 847 855 894 pura,
898 847 934 876 a
960 831 1083 878 viro
1120 830 1343 895 pudica,
1359 829 1460 903 fit.
1533 833 1822 885 Gruterus:
1868 854 2063 902 puram

287 900 341 950 se
377 901 525 956 dicit,
564 902 600 950 i.
635 915 680 948 e.
711 902 876 949 lotam
903 910 1268 969 paratamque
1304 905 1382 950 rei
1419 904 1655 962 diuinae,
1697 908 1910 972 qualem
1948 919 2064 957 tau·

285 989 412 1042 gere
450 969 599 1021 nefas
641 971 715 1021 fit.
775 971 1035 1020 Breuius
1069 971 1215 1040 apud
1248 972 1370 1022 Ter.
1406 974 1545 1023 Eun.
1569 992 1611 1036 ς.
1634 982 1779 1037 2.65.
1842 977 2064 1041 Pythias

286 1044 579 1100 Chaereae,
604 1043 937 1112 petulantius
963 1041 1278 1092 adcedenti:
1320 1063 1501 1111 apage
1522 1045 1614 1095 te!
1636 1073 1708 1084 --·
1746 1053 1854 1109 ¹38·
1876 1065 2062 1098 curam

285 1116 592 1181 compendii
608 1106 825 1186 facere,
864 1129 987 1163 cura
1024 1111 1382 1182 supersedere.
1437 1117 1634 1166 Bacch.
1660 1121 1836 1173 2.,2.6.
1862 1132 1964 1168 ete.
1992 1148 2064 1157 —

284 1186 407 1237 Post
427 1197 590 1253 potes
618 1191 709 1244 138
738 1191 852 1234 n'on
877 1199 1164 1253 punctum,
1204 1183 1295 1235 sed
1323 1202 1535 1237 comma
1551 1188 1878 1256 ‘ponendum
1909 1197 2062 1258 puto',

288 1271 344 1308 et
379 1275 569 1318 V·139·
604 1257 795 1307 verba:
849 1257 985 1322 'quid
1036 1274 1135 1322 ego
1186 1275 1325 1306 nunc
1379 1268 1433 1306 te
1480 1260 1700 1309 curem?
1762 1260 2063 1328 Milphioni

284 1328 575 1379 tribuenda
614 1327 731 1377 effe.
818 1327 1030 1396 Nempe
1073 1347 1229 1385 nune,
1265 1326 1563 1397 postquam,
1602 1348 1692 1380 me
1725 1349 1776 1381 v.
1805 1349 1916 1391 117.
1960 1333 2072 1382 dis·

284 1400 562 1455 suadente,
599 1415 685 1448 eas
718 1409 901 1447 tamen
936 1397 1124 1456 adiisti,
1164 1401 1297 1466 quid
1327 1418 1467 1449 nunc
1497 1411 1552 1450 te
1582 1404 1797 1452 curem?
1829 1431 1899 1440 —
1943 1420 2055 1466 139.

285 1490 382 1542 pro
422 1473 554 1540 quid
578 1472 700 1536 agis
738 1485 766 1517 e
803 1469 921 1519 cod.
953 1470 1065 1518 Pal.
1108 1485 1233 1519 cum
1269 1470 1439 1521 Pareo
1479 1470 1637 1541 posui
1675 1475 1808 1542 quid
1844 1491 1985 1539 agas
2027 1476 2062 1523 fi

283 1544 379 1601 hic
412 1542 513 1592 fis?
560 1542 595 1590 fi
637 1543 711 1590 ita
744 1557 908 1599 ames,
954 1551 1016 1588 vt
1052 1555 1153 1608 ego
1192 1540 1355 1591 amo?
1394 1571 1463 1578 —
1515 1548 1631 1593 ec'ce
1665 1545 1848 1593 odium
1881 1560 2064 1595 ‘meum

285 1616 448 1665 herus
495 1630 585 1662 me
627 1610 864 1662 consulit
911 1609 977 1659 de
1022 1611 1371 1680 Adelphafio‚
1434 1629 1568 1682 quae
1625 1614 1751 1664 odio
1806 1615 1946 1663 mihi
1995 1615 2066 1665 est
2112 1620 2113 1626 ’

281 1706 335 1737 v.
360 1692 472 1758 1530.
497 1714 567 1723 --
593 1700 704 1745 ¹4²·
742 1701 853 1744 143.
882 1692 998 1731 tam
1023 1683 1398 1750 tranquillam,
1426 1699 1584 1752 quam
1609 1704 1757 1735 mare
1783 1680 1872 1759 esi,
1902 1705 2062 1755 quum

283 1758 359 1808 ibi
391 1757 582 1806 alcedo
602 1755 785 1820 pullos
808 1755 987 1803 educit
1012 1754 1470 1806 vid.'Cafin.Prol.
1497 1768 1612 1806 not.
1641 1757 1707 1806 ad
1736 1756 1866 1807 vers.
1892 1760 1968 1808 26.
1993 1788 2064 1796 -—

287 1846 403 1892 144.
434 1827 683 1893 expalpa
719 1824 804 1874 fac
837 1825 1156 1894 periculum,
1192 1827 1309 1876 eius
1338 1826 1606 1895 palpando
1641 1828 1970 1896 mitigandae
1993 1856 2064 1868 -—-

286 1917 403 1961 145.
439 1909 657 1965 pectere
695 1895 1031 1947 contundere
1070 1899 1273 1963 pugnis
1313 1896 1465 1967 saepe
1498 1898 1645 1967 „apud
1678 1900 1930 1949 Plautum
1973 1899 2061 1959 est,

281 1983 343 2022 vt
368 1972 517 2021 Men.
543 1988 585 2030 ς.
619 1987 665 2029 7.
698 1973 780 2019 28.
829 1967 970 2017 Rud.
994 1987 1039 2027 3.
1074 1987 1117 2018 ι.
1143 1985 1226 2028 47.
1255 1980 1356 2018 etc,
1442 1968 1530 2017 Est
1553 1982 1621 2042 (et
1654 1958 1807 2043 fifsc'i
1847 1981 2062 2037 pectere

281 2042 502 2111 Capt.4.
526 2059 568 2089 2.
594 2040 704 2089 126.
754 2067 826 2077 --
888 2040 1100 2090 Orator
1130 2050 1359 2107 rogator,
1400 2053 1461 2090 vt
1492 2039 1686 2107 Amph.
1712 2042 1854 2092 Prol.
1877 2059 1955 2102 34.
1991 2071 2063 2080 --

286 2124 402 2175 134.
439 2109 678 2185 colostra
704 2108 793 2160 seu
824 2109 1123 2183 colostrum.
1195 2110 1439 2161 Nonius:
1475 2113 1557 2162 lac
1583 2129 1794 2162 nouum
1820 2115 1878 2161 in
1896 2129 2064 2162 mam-

278 2186 402 2235 mis.
467 2184 711 2233 cMartial.
747 2188 923 2241 13.3S.
965 2182 1232 2249 subripuit
1264 2180 1450 2250 pastor,
1492 2199 1628 2252 quae
1653 2185 1902 2234 nondum
1931 2182 2063 2234 stan-

278 2257 426 2307 tibus
463 2255 665 2303 'hoedis
704 2253 770 2302 de
807 2254 984 2320 primo
1028 2265 1260 2303 matrum
1299 2254 1436 2302 lacte
1480 2253 1719 2326 colustra
1759 2256 1948 2306 damus
1989 2285 2060 2295 —-

244 2331 399 2388 456.
446 2324 735 2393 quadrigis
783 2340 945 2392 quam
999 2321 1262 2379 citissime.
1308 2352 1380 2362 —-—-
1449 2324 1570 2376 Post
1611 2329 1738 2393 rapi
1780 2327 2061 2380 additurus

277 2398 389 2447 fere
420 2397 518 2446 est:
562 2397 702 2446 mori
725 2411 839 2445 non
862 2394 1063 2445 recuso.
1137 2395 1340 2444 seruus
1364 2412 1492 2447 vero
1530 2398 1832 2466 interpellat
1865 2400 2063 2449 herum.

279 2472 458 2538 aptius
501 2467 758 2536 rogando,
795 2495 866 2503 —
923 2472 1032 2526 158.
1070 2460 1235 2516 ordo:
1290 2467 1321 2514 fi
1356 2484 1468 2517 non
1505 2469 1635 2518 irata
1673 2484 1745 2526 ee,
1785 2487 1883 2538 ego
1916 2468 2057 2529 faite,

277 2543 517 2590 nimium
555 2556 651 2606 pro
696 2548 747 2587 te
785 2537 961 2594 dabit,
1017 2538 1053 2585 i.
1086 2553 1130 2587 e.
1171 2550 1234 2586 *vt
1275 2541 1629 2604 quantumuis
1673 2557 1769 2608 pro
1810 2542 2060 2591 libertate

275 2626 370 2663 tua
415 2609 678 2678 inpendat
735 2638 806 2646 ——
866 2610 977 2657 160.
1026 2608 1183 2662 hnnc,
1217 2607 1430 2658 versum
1482 2610 1864 2679 ,Adelphasium
1923 2613 2059 2663 dicit

220 2716 222 2721 ,
274 2683 616 2752 Agorastocli,
661 2679 775 2748 post
817 2682 939 2728 item
965 2679 1358 2747 ‘vero‘fignum
1388 2682 1760 2749 interrogandi
1797 2694 2054 2749 ponatur:

277 2758 371 2822 qui
408 2756 536 2803 bene
571 2753 768 2801 volunt
799 2751 920 2807 tibi,
956 2750 990 2798 i.
1017 2767 1062 2799 e.
1101 2751 1258 2806 mihi,
1305 2768 1469 2819 quam
1505 2763 1559 2801 te
1586 2751 1786 2803 senfiffe
1827 2767 2056 2819 oportet,

275 2827 415 2875 bene
448 2826 550 2874 tibi
577 2823 734 2888 velle,
773 2819 898 2870 bene
924 2822 1211 2871 visitem?
1244 2837 1378 2870 num
1418 2835 1474 2872 tu
1506 2840 1723 2892 quoque
1754 2826 1893 2874 bene
1928 2826 2054 2876 vis?

275 2914 413 2944 num
451 2908 525 2954 tu,
565 2893 714 2962 quod
745 2892 1013 2960 potuiffes.
1048 2903 1101 2941 et
1133 2894 1337 2942 centies
1377 2904 1430 2942 te
1460 2892 1728 2945 facturum
1762 2895 1957 2954 iurasti,
1995 2898 2055 2945 in

274 2969 576 3035 libertatem
620 2981 710 3014 me
760 2961 1080 3013 vindicasti?
1137 2962 1383 3013 Muretus
1428 2966 1535 3034 legi
1578 2967 1725 3015 vult:
1787 2969 1880 3034 qui
1925 2969 2055 3016 bene

189 3099 191 3101 V
273 3040 488 3095 volunt,
535 3038 662 3086 bene
684 3032 930 3106 visitent:
972 3035 1044 3083 ita
1071 3030 1314 3092 visitent,
1340 3052 1474 3102 quos
1499 3049 1694 3094 amant,
1733 3048 1791 3085 vt
1815 3040 1890 3088 eis
1919 3039 2053 3089 boni

275 3109 483 3178 aliquid
517 3107 735 3158 faciant.
830 3105 1004 3174 Lipfio
1038 3106 1243 3174 placet:
1286 3108 1378 3173 qui
1414 3092 1543 3155 helze
1577 3109 1791 3166 volunt,
1831 3109 2053 3180 benefici

270 3179 378 3247 lint
414 3209 485 3217 --
533 3185 642 3227 162.
678 3188 739 3225 at
759 3169 885 3248 scin
919 3176 1215 3244 quomodo?
1263 3176 1411 3243 apud
1441 3178 1694 3229 Plautum
1725 3195 1855 3229 mox
1891 3180 2051 3229 mini·

271 3254 437 3301 tantis
481 3249 551 3298 est
584 3248 780 3316 Amph.
810 3266 848 3296 ι.
882 3266 921 3296 ι.
950 3265 1064 3296 200.
1123 3246 1244 3296 Aul.
1267 3264 1307 3296 ι.
1341 3265 1382 3296 1.
1407 3254 1451 3297 8.
1490 3266 1616 3299 mox
1657 3250 1884 3308 dicturi,
1936 3267 2049 3301 non

274 3322 398 3374 [atie
424 3321 604 3372 adhuc
627 3320 755 3373 scire
772 3319 1034 3386 aliquem,
1073 3317 1246 3386 qualis
1271 3334 1356 3370 res
1376 3319 1558 3389 aliqua
1585 3321 1661 3379 fit,
1697 3321 1815 3372 Aul.
1837 3339 1880 3371 2.
1899 3338 1947 3387 4.
1968 3328 2047 3373 28.
