2144 3554
277 152 392 214 448
559 137 563 142 ’
882 159 950 203 n<
1009 157 1436 212 rnvcvtssurr

271 309 490 365 operam
526 291 669 352 dare,
745 291 1057 361 anticesque
1094 290 1424 347 made-facere
1456 323 1528 335 -—
1579 313 1624 357 3.
1673 297 1884 355 diuidia
1923 301 2038 358 vid.
2105 313 2108 316 '

269 367 517 418 Cas.2.2.
549 383 623 414 ιι.
749 366 980 433 lerisque
1015 366 1147 415 locis
1194 365 1293 416 est:
1345 386 1432 417 res
1485 367 1615 419 mihi
1659 370 1732 444 est
1777 363 2037 439 diuidiae,

266 439 371 490 h.1.
402 436 473 487 est
504 437 642 486 mihi
671 435 897 491 dimidia,
939 449 992 485 et
1025 437 1193 486 Stich.
1215 457 1257 495 3·
1285 456 1322 488 ι.
1341 457 1423 497 40.
1459 440 1656 509 legitur
1689 445 1745 492 in
1770 444 2038 511 diuidiam

265 512 482 561 veniam
537 536 609 547 -—-
674 527 716 558 ς.
772 507 869 555 vbi
923 507 983 556 id
1039 506 1253 558 audiuit
1305 508 1518 560 Pistoris
1570 515 1804 583 contigit
1849 515 2035 571 lubido

266 578 471 654 adirefi
505 607 576 618 ·-—-
611 577 767 627 liberi
807 577 875 626 de
915 593 1026 627 vno
1069 578 1180 628 filio
1221 580 1310 628 alii
1348 598 1567 652 quoque
1608 581 1877 646 dixerunt,-
1914 606 1967 638 v.
1986 605 2035 640 c.

263 650 387 704 Ter.
414 650 573 701 Andr.
600 668 640 710 ς.
663 670 705 706 jz.
729 666 807 698 20.
848 649 1069 698 inuenti'
1090 650 1244 699 liberi
1285 650 1352 701 de
1387 669 1495 704 vno
1526 654 1639 704 filio
1674 683 1746 695 -—-
1790 668 1838 708 ο.
1886 676 2036 710 man.

254 722 538 798 faetorem,
590 733 843 778 tutorem,
890 720 982 788 qui
1010 736 1178 770 manu
1206 732 1437 773 tueatur.
1511 725 1741 784 Malunt,
1780 729 2035 781 Plautum

261 796 328 845 de
355 795 532 863 puella
566 791 747 841 dixiffe
772 790 1171 865 margfiutricem
1200 820 1270 831 --
1302 810 1348 848 7.
1374 811 1470 861 pro
1499 789 1684 870 adsum
1705 794 2034 876 profu-tufi

257 867 563 919 Acidalius:
612 864 687 912 ad
727 872 782 912 te
803 857 930 937 sum
960 857 1246 936 profectus
1269 864 1419 933 quod
1435 867 1734 920 widebatur
1770 873 2033 938 recipien-

256 938 408 988 dum.
482 935 634 987 Idem
666 950 765 1004 pro
795 936 928 1002 quid
956 936 1180 1000 agitur?
1229 936 1441 987 mauult
1473 938 1606 1007 quid
1635 941 1846 1005 igitur?
1895 960 2032 1011 quae

255 1008 530 1060 conrectio
577 1023 691 1058 non
735 1005 1020 1056 videbatur
1075 1006 1354 1057 necessaria
1411 1034 1485 1046 --
1540 1027 1592 1070 ις
1627 1012 1691 1059 ad
1729 1029 1801 1068 ιγ.
1849 1013 2033 1066 laudat

249 1079 403 1134 >fuam
437 1079 735 1131 meretricis
765 1075 1094 1144 sapientiam,
1129 1094 1283 1146 quae,
1328 1079 1361 1127 fi
1387 1095 1528 1130 vnus
1550 1096 1754 1134 amator
1785 1085 2032 1137 animum

252 1153 543 1204 contulerit
573 1151 694 1208 alic),
734 1165 804 1198 ne
833 1145 1035 1200 deferta
1069 1162 1267 1218 pereat,
1305 1150 1451 1200 aliud
1487 1152 1594 1202 iarn
1633 1159 2032 1222 praeparauerit

247 1225 346 1274 fibi
389 1221 699 1293 perfugium
731 1249 803 1259 --
846 1239 925 1270 ιι.
957 1220 1352 1271 circumducere
1390 1221 1905 1295 fraudarealiquem
1939 1243 2030 1296 pe-

248 1296 428 1353 cunia,
462 1310 606 1351 auro,
643 1301 882 1360 argeum,
922 1291 1062 1359 apud
1100 1291 1353 1342 Plautum
1397 1292 1551 1363 saepe
1591 1294 1789 1365 legitur
1823 1325 1895 1336 —-
1943 1317 2026 1361 23.

241 1363 375 1445 spes
411 1368 643 1416 animam
683 1361 944 1440 efflauerit
983 1363 1129 1413 nulla
1164 1362 1428 1431 superer-it
1456 1361 1528 1404 ὲ·-
1573 1387 1649 1427 ²4·
1679 1360 1896 1438 factum
1941 1389 2028 1422 cu.

243 1440 342 1507 pio
377 1437 663 1487 adnuentis
688 1436 785 1484 est:
823 1430 1016 1483 faciam
1053 1452 1192 1483 nunc
1227 1451 1398 1503 quum
1432 1433 1631 1486 filiolus
1657 1428 1811 1488 {neus
1844 1432 2047 1496 tecum'

245 1511 425 1559 adhuc
457 1507 542 1567 est,
580 1507 725 1576 quod
759 1523 897 1555 nunc
931 1503 1085 1555 versu
1122 1502 1363 1574 sequenti
1397 1509 1680 1574 exprimit:
1720 1526 1844 1559 nam
1881 1506 2027 1584 refa-

244 1599 394 1640 cere,
436 1581 526 1644 (fic
569 1581 718 1628 enim
760 1594 873 1626 vno
914 1577 1108 1635 verbe,
1158 1592 1270 1627 non
1306 1594 1364 1627 re
1399 1573 1630 1650 facere,
1679 1577 2026 1634 scribendum

241 1657 402 1722 puto)
446 1653 481 1702 i.
506 1669 552 1701 e.
591 1649 767 1701 filium
817 1648 883 1698 ad
930 1661 982 1699 te
1021 1647 1294 1707 reducere,
1349 1650 1383 1697 fi
1431 1650 1538 1700 iam
1586 1649 1816 1702 traditu·
1866 1653 2026 1704 vxori

239 1740 396 1775 meae
433 1723 575 1778 estet,
612 1721 679 1771 id(
697 1720 938 1791 quidem,
953 1717 1012 1793 fi
1046 1721 1247 1770 etiamst
1277 1721 1459 1780 velim,
1498 1737 1613 1771 nmz'
1634 1721 1708 1797 est*
1739 1723 1892 1774 lbcus
1927 1738 2025 1794 per

237 1810 459 1846 onrem
493 1794 666 1844 facere
694 1808 805 1842 non
834 1791 1034 1861 poffem
1074 1819 1136 1828 -
1181 1810 1260 1850 ις.
1290 1794 1454 1842 Nunc
1478 1794 1644 1860 igitur
1671 1811 1841 1860 puero
1866 1806 2025 1847 vtere

237 1867 308 1917 ad
343 1868 577 1916 militem
623 1862 1203 1921 circumducendum,
1233 1873 1287 1913 et
1324 1880 1564 1930 procura
1604 1865 1744 1914 nihil
1786 1866 1931 1935 apud
1967 1881 2057 1919 tev

236 1955 410 2008 puero
442 1936 627 1987 defieri
667 1937 886 2003 patiare,
924 1935 1075 2004 quin,
1119 1934 1270 2005 quod
1300 1951 1446 2003 opus·
1472 1936 1561 1991 fit,
1596 1935 1917 2004 praebeatur
1949 1961 2023 1980 -ο

233 2011 380 2060 vnde
418 2025 700 2076 procures,
752 2008 918 2056 habes
966 2022 1045 2063 ea,
1094 2020 1232 2075 quae
1268 2006 1488 2076 largitus
1528 2007 1627 2058 tibi
1674 2008 1786 2057 sum
1823 2037 1894 2047 --
1937 2010 2020 2060 26.

231 2083 330 2132 vbi
371 2082 522 2132 domi
559 2089 758 2129 metues
800 2077 999 2128 malum
1034 2078 1214 2146 iurgia
1252 2077 1319 2127 ab
1354 2094 1536 2133 vxore‚
1583 2079 1653 2128 ob
1691 2078 1868 2129 filium
1903 2096 2021 2130 non

230 2152 407 2204 statim
439 2152 731 2203 reductum
774 2178 846 2188 -—-
899 2167 976 2210 27.
993 2140 1201 2223 saltem
1247 2147 1375 2199 licet
1420 2148 1621 2201 desinas
1657 2149 1758 2199 effe
1793 2164 2018 2210 amator,

228 2227 435 2275 amicus
472 2223 613 2272 mihi
650 2219 755 2273 esto
789 2220 1161 2271 manubiarius
1205 2222 1306 2289 qui
1345 2219 1568 2271 adiuuet
1605 2238 1695 2270 me
1728 2222 1784 2269 ῐιι
1821 2221 2019 2290 praeda
2054 2238 2058 2243 ·

230 2312 296 2346 ex
328 2297 447 2347 aliis
484 2293 733 2344 facienda
768 2318 841 2330 ·--
880 2310 958 2355 ²9·
984 2284 1248 2364 futatim,
1302 2292 1449 2360 quod
1483 2291 1598 2342 Mff.
1639 2291 2018 2364 editionesque

226 2378 438 2419 veteres
466 2381 656 2418 omnes
695 2364 914 2422 habent,
948 2363 1009 2413 P.
1033 2364 1177 2413 Valla
1208 2364 1440 2430 explicat
1463 2358 1636 2436 profu
1662 2381 1764 2424 zm;
1811 2365 2017 2434 Lipsius

223 2441 462 2490 malebat
489 2432 741 2509 furatim
803 2435 894 2485 seu
932 2427 1176 2507 furtim,·
1237 2434 1467 2485 Palmer.
1522 2451 1650 2485 vero
1688 2426 1930 2507 futzoeim
1985 2452 2016 2487 a

218 2504 445 2584 fatue-re
483 2509 633 2577 quod
674 2506 904 2557 verbum
947 2505 1017 2556 est
1060 2505 1127 2554 de
1161 2506 1458 2557 concubitu
1503 2503 1786 2574 proprium
1820 2535 1892 2547 -—-
1928 2523 2014 2569 30.

220 2600 427 2648 operae
459 2582 556 2631 vbi
596 2580 730 2630 mihi
762 2580 865 2627 erit
903 2577 1013 2627 vid.
1056 2577 1173 2628 Mil.
1199 2595 1242 2627 ι.
1266 2593 1408 2641 2-97·
1454 2576 1539 2616 --'
1583 2597 1663 2637 3²·
1692 2577 1791 2627 vbi
1831 2579 2012 2639 amici,

222 2654 421 2703 ibidem
447 2669 600 2718 opus.
674 2649 971 2705 Lambinus
1007 2660 1060 2698 et
1083 2649 1333 2717 plerique
1362 2662 1552 2698 omnes
1581 2644 1882 2718 explicant:
1915 2649 2015 2700 vbi

221 2725 325 2775 [int
350 2722 531 2780 amici,
571 2721 777 2772 ibidem
807 2720 908 2771 effe
933 2721 1218 2790 negotium
1242 2732 1296 2770 et
1321 2719 1638 2771 molestiam.
1710 2719 1850 2788 Quin
1877 2735 2012 2773 vero

220 2812 340 2847 non
376 2795 546 2852 videt,
588 2793 940 2844 Phronefium
986 2790 1042 2840 h.
1058 2791 1094 2840 l.
1130 2806 1243 2841 non
1285 2791 1438 2861 queri
1474 2789 1542 2840 de
1578 2787 1837 2859 negotiis,
1873 2798 2013 2859 quae

221 2868 386 2916 amici
449 2864 699 2928 faceffant
761 2865 886 2932 ipsi,
947 2859 1053 2911 sed
1094 2861 1329 2931 gaudere
1379 2862 1760 2926 vehementer,
1812 2860 1864 2911 se
1913 2862 2011 2911 Di·

217 2934 458 2996 marcha,
511 2936 649 2986 ‘licet
709 2952 824 2987 non
887 2935 1423 3003 amplus-amatore,
1478 2931 1547 2984 ‘at
1597 2932 1774 2987 amico
1821 2941 2010 2984 tamen·

216 3011 301 3060 vti
343 3008 719 3066 manubiario,
784 3022 893 3075 quo
951 3021 1115 3074 opem
1175 3004 1383 3055 ferente
1435 3018 1607 3073 opusff
1664 3001 1812 3072 quod
1856 3003 2008 3068 velit,

215 3077 458 3138 efficere,
513 3079 855 3147 militemque
886 3075 1292 3126 circumducere
1330 3076 1530 3144 queat(
1580 3073 1807 3123 Sensum
1839 3075 2010 3143 igitur

214 3151 318 3201 ess'e
365 3161 531 3221 puto:
583 3148 679 3200 vbi
721 3150 1021 3198 amicorum
1060 3163 1174 3197 non
1210 3142 1489 3197 destituare
1523 3147 1746 3203 auxilio,
1797 3144 2009 3198 ibidem

213 3239 393 3291 opus‚‚
425 3219 573 3292 quod
619 3220 769 3270 cordi
822 3219 939 3270 tibi¹
972 3220 1048 3276 fit,
1098 3218 1314 3269 facilius
1348 3215 1609 3286 perficies·
1651 3231 1890 3285 namque
1933 3241 2007 3256 -

216 3310 240 3355 3
257 3313 298 3353 3.
324 3285 561 3360 propter
585 3291 726 3341 hunc
751 3290 1111 3346 Dinarchum,
1151 3289 1245 3358 qui
1273 3286 1450 3338 filium
1487 3286 1823 3339 ins-triduum
1849 3299 2007 3336 vten·

212 3362 346 3414 dum
395 3365 558 3414 mihi-
579 3363 837 3431 reliquit,
888 3355 1031 3435 spes
1077 3361 1241 3410 etiam
1286 3362 1404 3428 (pro
1439 3352 1510 3433 se
1549 3373 1678 3410 cum
1704 3358 2008 3429 splen-isque
