2144 3554
692 136 898 214 Alc‘rvs
941 151 1044 213 111.
1110 169 1369 214 scnium
1414 153 1460 215 1.
1847 177 1962 235 3²5

181 307 388 359 amanti
422 305 686 359 verbumz
726 299 937 356 veniet!
977 302 1091 354 Cic.
1123 301 1190 353 ad
1215 302 1319 355 Att.
1348 321 1423 355 ιο.
1449 308 1525 356 18.
1564 306 1749 358 omnia
1785 307 1965 363 adhuc

179 377 327 431 tarda
361 389 417 430 et
432 369 541 456 spi
588 395 624 426 a
653 400 726 416 --
761 394 810 440 4.
846 377 1092 427 corbitae
1128 383 1293 426 naues
1330 374 1607 426 onerariae
1646 378 1875 446 grandes
1908 395 1964 435 et

148 447 380 502 ‘tardam
464 448 536 499 Fe
580 465 644 501 ue
682 447 756 497 ita
804 460 1021 499 vocatas
1054 456 1225 515 putat,
1262 447 1389 515 quia
1422 448 1490 505 in„
1521 463 1706 499 earum
1749 448 1963 506 summo

177 537 280 593 pro
316 522 460 590 [igno
497 519 671 571 corbis
710 517 873 570 soleat
909 516 1180 588 suspendi.
1225 517 1334 568 vid.
1371 516 1511 568 infra
1550 534 1706 582 ν.4ο.
1743 539 1962 587 operam

178 592 403 645 celocem
442 609 508 641 ne
544 590 805 661 corbitam
845 591 974 641 date
1020 588 1088 641 cf.
1118 585 1235 640 Cas.
1256 606 1305 651 ⁴·
1334 606 1372 640 1.
1395 607 1476 640 20.
1523 616 1594 630 -
1643 607 1688 652 5.
1698 585 1965 664 fugitant·

166 656 327 738 senes
349 660 496 713 senes
525 660 703 714 tardos
730 662 880 712 nolui
909 661 1077 712 adesse
1101 660 1242 711 mibi
1264 658 1559 712 aduocatos
1580 690 1651 700 --
1687 677 1735 723 7.
1756 682 1962 730 procos

173 730 557 792 adolescentes,
595 749 655 784 ea
692 732 874 785 adhuc
904 745 1093 792 aetate,
1132 749 1237 801 qua
1281 731 1348 783 de
1388 749 1555 783 vxore
1591 730 1838 787 ducenda
1874 752 1961 788 co·

78 859 82 861 ,
171 805 342 874 gitare
369 802 583 874 poss'ent
618 834 690 843 —-
736 822 812 855 10.
857 802 1070 871 g?adzc.r
1101 800 1393 878 suberetns
1438 804 1619 855 cribro
1656 805 1959 869 pollinario

170 875 367 945 gradus
399 889 516 927 tam
550 876 733 927 lentus
771 887 826 925 et
864 874 1066 948 spilsue,
1107 892 1271 944 quam
1311 874 1462 926 tarde
1506 890 1535 923 e
1574 876 1754 928 cribro
1789 893 1963 929 excer-

170 948 349 1006 nitur,
397 947 486 999 vel
519 960 763 998 excretus
803 957 858 1000 et
905 948 1206 1016 percolatus
1250 946 1454 997 excidit
1492 947 1593 997 flos
1638 948 1732 998 ille
1777 950 1962 1011 tritici,

78 1014 82 1018 ’
168 1018 373 1088 pollen.
450 1018 693 1077 Gronov.
728 1048 797 1059 --
845 1037 920 1071 11.
960 1018 1141 1070 seruos
1169 1016 1320 1069 suiss'e
1353 1019 1483 1069 olim
1518 1017 1810 1073 aduocatos
1845 1039 1958 1083 eon,

160 1090 287 1160 qui,
323 1100 547 1159 argento
583 1106 684 1158 pro
711 1092 889 1160 capite
917 1089 1061 1147 dato,
1098 1087 1257 1140 liberi
1293 1102 1442 1140 erant
1469 1087 1618 1149 facti,
1654 1107 1684 1140 e
1717 1089 1851 1142 vers.
1878 1094 1954 1144 16'.

175 1162 536 1230 17.fadparet.
633 1162 781 1212 Dicit
836 1164 1006 1231 igitur
1043 1161 1199 1229 Agor.
1238 1160 1551 1228 pei-acerbe:
1618 1179 1692 1212 10.
1736 1162 1958 1216 ferenda

166 1230 442 1284 non'effet
477 1229 697 1283 tarditas
725 1231 890 1282 vestra
931 1249 1007 1282 11.
1032 1228 1131 1303 nfi
1170 1229 1441 1283 excusaret
1470 1247 1607 1289 eam,
1645 1234 1794 1301 quod
1828 1235 1964 1286 olim

165 1320 284 1354 eum
361 1301 543 1359 edices*
569 1303 743 1353 vincti
774 1301 929 1372 saepe
964 1298 1337 1376 condidicistis
1372 1298 1700 1362 adsueuistia,
1726 1303 1817 1376 sic
1854 1306 1960 1357 hoe

165 1391 268 1442 gra
317 1377 408 1427 ari
443 1373 626 1443 gradu
667 1372 967 1433 ὁέυποδοῒν,
1018 1375 1256 1432 ironice,
1315 1372 1615 1426 testudineo
1662 1374 1833 1444 gradu
1879 1392 1956 1427 re-

162 1452 295 1515 pere
325 1473 398 1486 —-
434 1462 511 1508 15.
550 1462 649 1496 nee
686 1445 790 1496 tibi
827 1463 926 1496 nos
957 1445 1188 1495 obnoxii
1229 1443 1475 1497 deuincti
1493 1439 1707 1520 fiemus,
1751 1459 1810 1496 vt
1842 1445 1959 1500 offi-

164 1518 252 1570 cio
277 1527 582 1575 teneamur,
624 1525 677 1567 te
703 1516 769 1566 in
806 1532 988 1568 amore
1015 1515 1337 1585 Adelphafii,
1375 1530 1429 1568 et
1467 1517 1525 1566 in
1570 1516 1699 1570 odio
1737 1518 1957 1574 lenonie

58 1630 66 1643 t
154 1588 439 1641 adiuuare.
457 1586 571 1639 vid.
587 1586 722 1637 vers.
750 1593 913 1638 18-.--
939 1589 1014 1637 16.
1041 1605 1146 1653 pro
1171 1588 1369 1653 capite,
1397 1589 1645 1639 libertate
1667 1618 1738 1628 —
1773 1606 1848 1655 ¹9·
1874 1609 1954 1641 ιο.

160 1659 279 1711 er.
311 1660 558 1730 plerique
570 1651 789 1781 {er-uile
821 1679 847 1708 e
895 1679 939 1717 e,
975 1656 1328 1732 PaLseruuli.
1421 1659 1609 1710 Seueri
1639 1659 1850 1712 dictum
1884 1659 1958 1713 est

160 1729 307 1802 apud
344 1732 566 1799 Lampri
611 1733 754 1781 ium:
824 1724 1105 1806 cursorem
1142 1747 1265 1780 num
1308 1747 1430 1780 uam
1468 1727 1567 1802 ng‘fi
1589 1724 1835 1807 seruum,
1875 1734 1956 1784 di·

161 1818 321 1856 cem:
365 1805 659 1870 ingenuum
715 1819 957 1860 currere,
1009 1799 1108 1875 ”fi
1155 1803 1211 1852 in
1284 1819 1413 1852 acro
1466 1804 1786 1862 certamine,
1842 1822 1954 1855 non

160 1875 448 1941 debere-
485 1879 571 1924 x22.
608 1872 933 1924 tumultuari
968 1882 1229 1924 terrorem
1273 1874 1488 1924 ciuitati
1529 1873 1773 1932 iniicere,
1848 1877 1953 1926 nasi

158 1944 467 1998 infortunio
498 1946 678 2014 aliquo
710 1945 1018 1996 minitante.
1091 1945 1283 1995 Douza
1316 1944 1587 2002 Plautum,
1628 1946 1769 2016 quali
1804 1893 1954 1997 {liud

40 2012 76 2072 '‘j.
157 2030 427 2090 agentem,
474 2017 845 2070 Romanorum
892 2016 988 2065 hic
1036 2014 1103 2065 de
1145 2015 1345 2067 Poenis
1380 2017 1635 2067 victoriae
1673 2017 1953 2088 adtingere

66 2082 71 2093 ¹
154 2098 316 2160 putat
355 2086 428 2128 -’-“
467 2105 549 2150 25.
588 2089 821 2138 cerritus
855 2088 995 2137 male
1034 2085 1189 2137 sanus
1222 2087 1419 2154 Amph.
1443 2107 1488 2137 ι.
1513 2105 1557 2138 2.
1583 2104 1693 2150 ¹⁴4·
1731 2089 1948 2151 Men.5.

148 2175 211 2224 ‘4.
234 2177 278 2212 2.
313 2187 386 2199 -
421 2159 502 2210 26.
539 2161 593 2209 in
623 2160 809 2209 aedem
837 2160 915 2208 ad
942 2177 1039 2208 me.
1099 2157 1251 2209 Acid.
1279 2157 1496 2227 adcepit
1521 2160 1708 2208 aedem
1723 2155 1951 2236 sacram

159 2226 310 2303 quod
341 2228 698 2282 sacrificantes
738 2228 814 2280 ad.
840 2230 1037 2298 templa
1071 2231 1276 2281 amicos
1310 2245 1503 2281 vocare
1539 2228 1779 2282 solebant
1821 2246 1949 2283 con·

39 2328 42 2333 ·
89 2343 91 2346 .
157 2306 409 2362 viuatu'm
452 2330 524 2341 -—
578 2317 657 2362 ²7-
704 2301 958 2352 clamator
1007 2301 1217 2360 Rud.3.
1245 2317 1390 2361 ς.ις.
1438 2299 1536 2351 est:
1600 2303 1697 2369 qui
1737 2304 1950 2354 clauam

38 2364 52 2382 ⁸
158 2373 338 2445 gestat,
370 2371 556 2424 seruus
592 2373 773 2443 igitur,
811 2388 975 2442 quem
1011 2373 1257 2421 velocem
1296 2371 1398 2422 effe
1436 2375 1735 2443 oportebat.
1811 2375 1952 2445 Bap-

51 2433 79 2475 s
107 2498 110 2509 ,
153 2445 272 2497 tista
296 2444 428 2496 Pius
463 2456 663 2502 autem,
697 2451 861 2512 quern
894 2444 1143 2512 plerique
1170 2441 1385 2513 sequuti
1406 2441 1546 2501 sunt,
1586 2444 1716 2513 legit
1740 2447 1947 2509 gralla-

22 2514 23 2530 ’
52 2547 54 2556 ν
112 2554 119 2564 -
155 2529 330 2569 torem
363 2545 436 2555 —
475 2533 557 2578 3²·
595 2517 745 2584 quod
772 2525 834 2565 tu
859 2517 1064 2565 inuitus
1098 2527 1199 2565 ete.
1240 2530 1357 2565 non
1392 2517 1597 2586 cogarip
1627 2515 1851 2567 reddere
1881 2544 1950 2558 --

159 2593 242 2651 34.
282 2587 431 2658 quod
475 2587 686 2638 edimus
737 2587 962 2637 edamus
1005 2615 1076 2624 —
1138 2603 1218 2646 35·
1266 2588 1595 2653 quantillum
1653 2587 1805 2637 domi
1854 2587 1946 2645 est.

155 2658 397 2712 nostrhm
443 2656 544 2715 est,
601 2673 715 2708 non
760 2657 979 2707 aliunde
1019 2655 1321 2724 petendum
1363 2686 1435 2696 --
1494 2660 1575 2719 36.
1604 2654 1947 2729 flagitamus

154 2729 539 2782 mendicorum
564 2730 678 2779 ritu
704 2756 776 2767 -—
808 2748 976 2798 neque
1005 2746 1102 2777 nos
1126 2729 1414 2796 qnisquam
1450 2730 1686 2780 creditor
1696 2726 1947 2801 flagitat

155 2817 261 2862 nec
291 2817 381 2856 aea
421 2801 663 2852 alienum
698 2799 964 2851 habemus
998 2829 1071 2838 -
1110 2817 1189 2860 37.
1221 2801 1448 2852 ramices
1486 2800 1599 2850 vid.
1644 2801 1809 2852 Nlerc.
1834 2819 1941 2853 1.2.

159 2890 241 2932 ²7·
273 2900 346 2911 —-
377 2889 462 2935 40.
486 2871 600 2921 vid.
630 2870 782 2941 supra
807 2891 860 2921 v.
880 2890 926 2933 4.
960 2900 1032 2909 —
1070 2887 1154 2933 4¹·
1186 2871 1546 2935 adcrepidare
1573 2885 1631 2922 vt
1658 2874 1941 2923 conemini

154 2942 340 2994 saltem
374 2958 659 3011 properare
703 2971 774 2981 -
822 2960 885 3005 47
912 2942 981 2992 ad
1011 2957 1094 3001 49.
1138 2939 1413 2992 docendos
1458 2943 1558 2993 effe
1600 2941 1940 3010 spectatoreS‚

153 3026 231 3074 vt,
270 3014 455 3084 quida
494 3025 628 3072 atur,
666 3011 853 3073 sciant,
893 3011 1067 3083 per-se
1096 3024 1260 3080 patet,
1300 3029 1417 3062 non
1454 3025 1600 3064 recte
1638 3032 1767 3066 vero
1799 3016 1942 3066 inter

103 3092 108 3093 ⁷
154 3084 427 3155 agendum
502 3084 664 3143 istrie,
702 3096 763 3134 vt
801 3101 893 3135 eos
923 3085 1133 3138 doceat.
1170 3086 1385 3134 moneri
1413 3085 1646 3136 videtur.
1731 3085 1942 3137 Eodem

154 3155 267 3208 fere
310 3154 491 3208 modo
520 3158 770 3222 peccauit
805 3169 967 3225 poeta
998 3154 1193 3204 Pseud.
1221 3174 1261 3203 ι.
1281 3171 1411 3216 4.-3ο
1438 3154 1514 3226 sq.
1548 3186 1619 3195 —
1665 3158 1748 3206 61.
1781 3158 1941 3205 addi-

151 3239 304 3279 cetur
339 3245 366 3278 a
408 3239 651 3295 praetore
679 3256 751 3265 --
789 3230 873 3277 61.
915 3245 1022 3276 rem
1067 3227 1401 3294 negotiumz·
1428 3244 1549 3285 nec,
1584 3240 1643 3277 vt
1669 3227 1940 3276 Lambino

154 3298 390 3359 videtur,
438 3298 693 3350 obscoeni
739 3298 876 3367 quid
919 3299 1028 3348 hoc
1071 3298 1131 3345 in
1176 3298 1298 3349 loco
1346 3295 1418 3350 est
1443 3327 1513 3338 —
1563 3301 1648 3360 63.
1683 3313 1765 3348 res
1802 3297 1940 3349 adeo

30 3166 74 3554 amram}-
32 2998 63 3151 2042&
50 2947 69 2957 1
