2144 3554
246 186 362 243 2¹4
766 190 775 195 *
813 181 888 229 m
939 185 1435 233 Μοετειιᾼιιιᾼε

248 339 363 380 14⁷.
408 338 503 372 cur
537 320 883 388 exprobras?
932 319 1055 370 Ter.
1093 318 1258 369 Andr.
1295 335 1333 369 1.
1367 337 1409 370 t.
1440 320 1516 371 16.
1567 319 2008 374 commemoratio

241 390 384 462 quafi
426 393 775 458 exprobratio
811 389 882 441 est
919 391 1234 441 inmemoris
1261 390 1543 452 beneficii3
1583 405 1634 441 et
1668 392 1802 441 Eun.
1895 413 1934 446 2.
1960 411 2008 455 4.

239 465 380 512 ridet
414 464 676 513 Parmeno
722 459 1083 511 Thrasonem:
1147 478 1310 531 quam
1356 459 1605 512 venuste!
1674 462 1818 529 quod
1863 463 2013 515 defidit

241 536 582 603 principium
627 528 949 594 adueniens!
998 561 1044 572 --
1109 536 1217 591 146.
1268 546 1492 604 vterque
1536 532 1774 583 nostrum
1820 531 1870 583 se
1922 536 2014 584 ob·

242 607 469 654 noxium
502 606 654 654 alteri
688 618 841 672 putet
882 601 1161 652 beneficiis
1190 607 1398 655 mutuis
1438 636 1484 646 -
1543 616 1654 667 149.
1696 622 1845 654 nemo
1881 622 2012 654 com-

242 678 417 726 modis
455 694 633 725 eorum
671 677 914 726 inuideat
953 673 1198 724 infelices
1241 676 1365 736 fint,
1419 687 1481 727 vt
1514 691 1628 725 non
1664 676 1835 734 fit‘iis
1870 692 2014 726 com-

226 748 486 804 'modum,
529 749 618 795 cui
657 750 776 815 quis
815 744 1064 795 inuidere
1095 743 1253 814 poffit
1286 776 1333 786 -
1382 764 1491 806 ιςι.
1531 763 1628 813 pro
1663 757 1835 796 tecum
1884 748 2020 796 dicit

244 832 450 868 amator
486 837 600 867 cum
618 816 814 891 stacta
847 828 904 866 tu
940 816 1080 866 mihi
1120 815 1330 868 dulcior
1367 833 1422 866 es
1463 814 1772 867 suauiffimo
1814 819 1953 877 olen,
1988 834 2018 867 e

245 905 609 953 cynnamomo
645 900 697 937 et
719 889 933 952 myrrha
965 884 1131 936 incisa
1164 887 1385 956 sudante
1412 918 1459 928 -
1504 903 1616 953 154.
1653 889 2015 956 manuplares,

248 961 683 1018 commilitoneS,
721 959 1097 1010 comiss'atoreS.
1518 977 1521 980 ⁴

575 1068 664 1119 IN
729 1065 995 1120 ACTVS
1059 1070 1099 1118 I.
1175 1066 1524 1119 SCENAM
1586 1061 1715 1120 IV.'

355 1156 400 1190 1.
438 1139 544 1189 Seu
580 1138 871 1208 legendum
906 1138 976 1188 est
1002 1140 1213 1199 veniri,·
1261 1138 1351 1189 seu
1387 1138 1800 1207 intelligendum
1837 1140 2023 1190 venire

244 1224 343 1259 vos
381 1208 563 1262 seruos
594 1239 666 1251 «-
710 1231 751 1261 2.
787 1213 903 1261 hem
938 1208 1196 1260 Phanisce
1225 1225 1273 1270 4.
1308 1227 1349 1260 1.
1386 1228 1462 1268 24.
1515 1212 1617 1260 tibi
1648 1208 1789 1276 ¹prae
1833 1211 2023 1262 ceteris

248 1281 574 1346 imperatum
606 1283 713 1334 hoc
740 1280 809 1333 est
844 1311 914 1321 -·-
963 1275 1258 1354 aduersum,
1284 1283 1470 1330 venire
1516 1279 1681 1331 officii
1724 1296 1777 1333 et
1825 1283 2026 1331 tutelae

248 1350 399 1402 causa
431 1381 503 1393 -ν-
538 1355 775 1418 tempori
811 1351 903 1402 seu
935 1355 1159 1418 temperi
1202 1351 1516 1419 tempestiue
1550 1381 1622 1391 ·--
1676 1371 1717 1412 ς.
1763 1349 2028 1427 comfssari

247 1421 500 1486 κωμάζειν
525 1426 602 1473 ire
627 1425 694 1474 ad
716 1425 1176 1492 compotationem
1204 1432 1526 1473 nocturnam
1553 1435 1606 1471 et
1626 1426 1961 1491 petulantem
1983 1453 2029 1463 -

249 1508 297 1552 7.
327 1493 514 1561 Vulgg.
550 1506 602 1545 et
635 1496 818 1545 Lamb.
859 1495 1047 1561 legunt
1085 1511 1360 1545 mammam
1396 1494 1539 1562 quali
1587 1508 1813 1544 matrem
1854 1495 2028 1555 adire,

246 1572 520 1632 tamquam
544 1582 776 1631 puerum
803 1563 1027 1633 sugendi
1055 1563 1222 1615 causa.
1263 1564 1498 1633 Scaliger
1527 1565 1841 1615 emendauit
1870 1585 2030 1614 mam·

249 1653 337 1684 ma
374 1652 404 1685 o
439 1652 558 1685 mea
575 1637 872 1704 Delphium
894 1665 965 1674 —-
990 1637 1241 1686 madere?
1279 1636 1460 1686 ebrius
1486 1635 1622 1698 effe?
1645 1664 1716 1675 --·
1752 1629 2030 1710 &semper

252 1703 355 1778 isto
395 1707 552 1756 modo
585 1718 829 1757 moratus
859 1710 1044 1757 viuere
1077 1707 1304 1756 debebas
1343 1724 1454 1757 non
1487 1708 1621 1764 vult,
1660 1724 1786 1757 eum
1823 1708 2029 1776 semper

250 1775 349 1825 effe
389 1778 621 1836 ebrium,
663 1778 748 1829 sed
788 1778 992 1846 semper
1032 1778 1233 1830 vrbane
1269 1779 1450 1835 iocari,
1489 1780 1645 1829 cuius
1686 1781 1802 1829 ioca
1843 1779 2030 1829 incon-

253 1847 364 1898 dita
418 1848 688 1900 interdum
737 1860 790 1898 et
826 1850 1015 1901 rustica
1053 1848 1204 1900 fuiffe
1250 1850 1505 1900 videntur
1539 1878 1611 1889 --
1656 1849 1712 1911 9.
1748 1864 1807 1913 vt
1842 1868 1939 1914 ego
1977 1861 2031 1900 te

253 1919 562 1986 amplectar,
603 1939 668 1970 ac
696 1931 814 1973 tute
851 1940 928 1971 me
966 1921 1319 1987 amplectaris
1353 1949 1425 1961 --—
1480 1939 1555 1979 [4.
1594 1921 1765 1971 lectus
1798 1921 2033 1970 discubi-

250 1993 422 2040 torius
453 1990 667 2063 [iratas
705 1993 799 2042 vbi
834 1992 1130 2060 epulemur,
1171 1993 1438 2049 bibamus,
1464 1993 1663 2042 coimus
1691 2009 1814 2044 cum
1844 1994 2032 2043 ceteris

252 2054 502 2112 conuiuis
547 2065 910 2116 conuenimus
944 2092 1017 2104 -·
1058 2080 1134 2123 ις.
1173 2060 1391 2134 ι6.]ἶηο
1430 2074 1482 2111 te
1508 2063 1713 2119 cadere,
1754 2063 1786 2113 fi
1821 2064 1894 2113 ita
1929 2064 2029 2121 vis,

217 2128 348 2209 *sed
380 2143 432 2181 et
463 2135 570 2201 *hoc
606 2136 678 2184 ita
722 2135 911 2184 cadere
947 2136 1128 2191 finam,
1166 2136 1310 2202 qnod
1347 2136 1402 2183 in
1438 2153 1599 2184 manu
1641 2131 1717 2207 ψ
1753 2132 1900 2203 quod
1925 2151 2032 2182 ma-

255 2202 508 2271 nifestum
541 2203 638 2262 est,
678 2202 738 2277 fi
770 2207 936 2256 cades
982 2217 1043 2256 tu
1093 2208 1187 2274 qui
1235 2222 1325 2254 me
1364 2218 1513 2255 tenes
1548 2218 1647 2255 etc.
1684 2235 1756 2244 -
1814 2222 1889 2261 17.
1921 2203 2035 2273 post

256 2274 458 2342 aliquis
507 2292 656 2344 pono
696 2277 903 2344 [ignum
950 2275 1320 2345 interrogandi
1357 2305 1428 2316 --
1504 2282 1576 2326 18.
1621 2277 1807 2333 madet
1854 2277 2033 2325 ebrius

256 2344 327 2392 est
349 2347 528 2405 homo,
568 2346 751 2398 fecum
783 2348 1006 2419 quidem
1039 2347 1197 2406 dicit,
1236 2361 1289 2397 at
1318 2348 1408 2397 ille
1444 2358 1623 2396 tamen
1661 2347 1827 2402 audit,
1873 2365 2036 2414 quare

255 2427 317 2465 vt
346 2416 495 2485 supra
536 2435 588 2469 v.
609 2436 655 2476 7.
686 2447 758 2459 —-—-
791 2437 845 2469 v.
874 2437 946 2481 ¹7·
984 2421 1313 2487 explicuerat
1342 2418 1563 2486 quidem
1598 2417 1649 2468 se
1681 2435 1710 2467 e
1748 2420 2037 2467 vehemen-

257 2489 368 2537 tius
413 2489 703 2542 titubantis
752 2491 1033 2557 amplexu,
1087 2490 1174 2546 sed
1217 2506 1372 2551 v.19.
1424 2503 1617 2541 tamen·
1642 2505 1866 2540 manum
1916 2492 2034 2540 eius

257 2560 563 2627 prehendit,
615 2577 686 2610 ne
709 2558 1016 2632 adfligatur
1059 2562 1272 2631 grauius
1328 2563 1386 2610 in
1438 2575 1633 2611 terram
1671 2560 1932 2629 procidat.
1962 2590 2034 2601 --

263 2647 343 2682 τι.
376 2649 455 2680 22.
490 2631 613 2689 vix,
670 2645 732 2683 vt
779 2633 985 2691 ebrius,
1042 2629 1190 2702 quod
1240 2633 1513 2690 voluerat,
1567 2630 1931 2683 reminiscitur
1966 2659 2038 2671 —--

265 2706 346 2753 28.
385 2703 533 2754 vnde
584 2705 707 2769 agis
738 2705 830 2755 te?
898 2703 1044 2754 vnde
1083 2703 1277 2754 venis?
1327 2732 1399 2743 «-
1455 2722 1535 2764 30.
1580 2703 1665 2752 illi
1702 2704 1935 2770 Delphio
1965 2731 2036 2741 --

264 2790 286 2832 3
306 2789 345 2823 r.
375 2774 443 2826 fic
478 2772 648 2824 solent
675 2773 837 2827 ebrii!
863 2804 934 2815 ·--
975 2793 1056 2837 3²·
1081 2769 1290 2852 eumpse
1323 2791 1445 2825 eum
1470 2772 1647 2845 ipsum
1674 2771 1867 2831 facere,
1891 2772 2039 2843 quod

262 2844 406 2902 vult,
446 2844 697 2899 dormire.

622 2948 712 2998 IN
773 2947 1041 2998 ACTVS
1099 2951 1193 3007 ΙΙ.ἡ
1250 2946 1597 2998 SCENAM
1656 2948 1693 2997 Ι.

376 3012 670 3091 1.summis
708 3020 900 3085 opibus
936 3031 1101 3087 atque
1131 3017 1410 3093 indzfiriis
1448 3035 1555 3086 quo
1581 3021 1816 3069 maximo
1860 3019 2043 3085 potuit
2118 3042 2122 3048 ·

265 3085 568 3138 inf0rtuni0
600 3106 700 3139 nos
725 3103 958 3141 mactare
988 3092 1224 3160 cupit-
1265 3109 1308 3149 3.
1341 3108 1600 3158 nusquam
1615 3088 1895 3162 stabulum
1923 3107 2045 3138 con-

263 3157 526 3232 fidentiae
566 3158 641 3236 cst
677 3161 819 3209 nihil
861 3163 1023 3211 nobis
1065 3161 1163 3220 est,
1216 3179 1321 3230 quo
1342 3160 1501 3235 stare
1547 3162 1650 3210 niti
1697 3159 1845 3226 poffit
1881 3159 2045 3208 confi-

254 3226 453 3289 Jdentia
492 3260 564 3270 --
628 3249 676 3293 4.
716 3232 841 3283 Ter.
872 3234 1099 3301 Adelph.
1150 3251 1191 3290 ς.
1231 3254 1278 3287 α.
1326 3233 1383 3279 in
1422 3230 1554 3280 fine:
1606 3232 1742 3297 ipsa,
1782 3233 1813 3278 1‘1
1850 3231 2046 3296 cupiat,

274 3302 408 3352 salus
445 3300 646 3352 seruare
673 3302 889 3373 prorsus
924 3312 1037 3355 uon
1062 3301 1230 3374 potest
1258 3304 1397 3355 hanc
1433 3301 1696 3354 familiam
1733 3332 1803 3342 -—
1845 3320 1888 3363 5.
1919 3301 2050 3351 mali
2125 3329 2128 3331 -
