2144 3554
578 138 786 187 acrvs
828 123 905 182 V.
966 137 1224 183 seruam
1271 119 1420 184 1.11.
1775 135 1890 193 377

123 279 370 336 censione
399 276 557 347 loqui
575 286 748 344 putat,
785 289 951 343 quare
971 292 1024 324 v.
1050 290 1125 331 ις.
1156 271 1433 324 delectum
1470 270 1685 331 dimisit,
1721 283 1776 324 et
1809 291 1896 326 ex·

120 351 287 423 plicat
301 369 313 402 :
318 342 502 473 1sante,
531 347 686 416 elige,
715 360 851 415 quoe
874 348 932 395 in
957 345 1207 413 militiam
1229 354 1379 394 tuam
1406 340 1689 395 adscribas.
1753 344 1894 396 Pon·

123 436 283 477 tanus
346 421 568 490 eri-ique,
608 417 702 487 qui
728 415 1012 468 Gronovio
1046 414 1261 466 videtur
1299 415 1542 484 proxime
1582 414 1650 463 ad
1681 413 1896 467 sensum

126 489 553 560 adceffiffe,„legi
588 488 736 540 vult:
778 498 839 538 at
871 482 1068 562 summa
1105 487 1332 556 quidem.
1407 486 1653 554 Namque
1686 482 1898 563 censere

123 580 253 615 aera
274 560 370 613 est:
411 561 749 631 djepungere.
785 559 1131 627 conspicere(
1148 574 1215 609 an
1243 556 1404 628 digna
1440 557 1553 614 sunt,
1586 573 1723 625 quae
1756 558 1900 610 adci-

123 629 373 702 piantur';
415 647 577 703 quare
604 633 849 683 iuuenis:
908 629 1188 687 subducas,
1237 627 1508 682 summam
1542 625 1724 687 faciae,
1773 628 1898 680 satia

127 694 371 758 censuisti
397 705 484 756 vel
513 701 831 775 dispunxisti
862 704 1146 754 rationem.

469 846 558 898 IN
617 843 881 896 ACTVS
952 847 1013 896 V.
1108 840 1453 896 SCENAM
1521 844 1563 893 Ι.

242 933 289 969 2.
322 921 734 983 recuperatores
770 917 882 969 vid.
922 929 1036 969 not.
1077 915 1144 967 ad
1164 916 1428 968 Baccha.
1449 931 1494 978 3.
1514 913 1595 978 36.
1632 940 1704 954 -
1738 910 1787 964 6.
1823 911 1902 963 al·

49 1020 52 1028 ·
126 998 298 1041 teram
329 989 703 1060 Ampeliscam.

456 1132 539 1184 ΙΝ
593 1128 865 1183 ACTVS
933 1130 995 1181 V.
1089 1126 1433 1181 SCENAM
1502 1126 1576 1176 11.

245 1219 292 1267 3.
329 1205 532 1266 tundat
575 1204 715 1254 mihi
750 1200 964 1269 aliquis.
1052 1202 1257 1251 Vellem
1298 1202 1355 1248 in
1390 1213 1501 1248 vno
1539 1208 1681 1246 certe
1723 1194 1912 1246 codice

130 1274 351 1344 reperiri
381 1274 821 1326 emendationem
850 1273 1072 1323 Douzae
1096 1270 1195 1323 filii
1226 1271 1433 1322 tundat·
1467 1297 1538 1307 —
1574 1285 1623 1330 4.
1659 1266 1772 1316 illic
1790 1261 1910 1342 see·

15 1330 16 1333 ¹
66 1398 69 1406 „
133 1342 296 1418 lestus
330 1345 616 1401 Trachalio
651 1373 720 1384 -
769 1362 894 1410 ego,
946 1345 1039 1412 qui
1071 1339 1444 1399 ἀνακόλουθον,
1489 1354 1604 1390 non
1648 1336 1747 1394 est,
1801 1353 1912 1405 quo

133 1432 231 1483 ego
249 1409 541 1482 *referatun
615 1417 727 1466 Nifi
757 1416 939 1466 animo
963 1412 1139 1464 fuiffet
1164 1413 1491 1483 perturbato,
1529 1409 1736 1461 dixiss'et
1762 1410 1911 1467 mihi,

132 1489 227 1557 qui
263 1499 318 1537 et
341 1505 393 1538 v.
419 1507 462 1549 ς.
499 1487 744 1542 omiliffet
781 1489 828 1536 ei
861 1515 932 1525 --
971 1489 1018 1536 6.
1060 1486 1189 1535 mihi
1214 1479 1467 1561 sermone
1498 1482 1721 1531 adrexit
1751 1498 1913 1530 aures

39 1577 53 1595 ν
134 1573 195 1608 ea
230 1557 383 1628 dixit,
424 1576 563 1629 quae
597 1559 663 1609 ad
697 1575 786 1608 me
821 1558 1108 1624 pertinere,
1148 1558 1208 1605 in
1239 1573 1355 1606 rern
1389 1569 1568 1605 meam
1598 1552 1699 1603 effe
1724 1551 1917 1603 viden·

134 1641 243 1680 tur.
333 1629 424 1689 Sic
469 1629 614 1701 apud
656 1631 779 1679 Ter.
818 1629 981 1679 Andr.
1024 1646 1236 1689 5·⁴·3¹·
1291 1629 1425 1684 (non
1474 1626 1624 1675 Simo
1662 1623 1915 1691 Pamphi-

42 1709 48 1719 '
135 1694 623 1769 iusve.ipse,.,sed)
665 1687 817 1751 Crito
855 1701 1017 1752 dicit:
1042 1700 1246 1768 ‘adrige
1278 1713 1448 1754 aurea,
1494 1694 1805 1765 Pamphile!
1845 1720 1917 1733 -

138 1789 167 1835 7
195 1771 263 1823 ad
283 1787 336 1836 9.
371 1771 505 1824 dicit
536 1773 731 1842 Gripus
764 1770 970 1824 secum:
1015 1770 1064 1819 se
1099 1771 1348 1821 vidulum
1381 1767 1644 1837 reperisse,
1681 1764 1768 1816 sed
1800 1780 1917 1814 non

137 1842 368 1911 amplius
391 1844 605 1903 habere,
641 1844 861 1912 publice
887 1859 1014 1893 vero
1042 1841 1098 1890 id
1132 1841 1182 1892 se
1218 1841 1584 1891 indicaturum
1616 1836 1744 1896 effe3
1789 1838 1918 1886 ficut

77 1975 80 1978 ,
136 1930 238 1972 nos
267 1915 466 1976 adhuc,
502 1931 641 1984 quae
676 1915 933 1965 omnibus
970 1928 1098 1964 nota
1133 1912 1246 1963 fieri
1274 1914 1543 1981 cupitum,
1578 1907 1669 1960 seu
1706 1925 1920 1977 praeco·

49 2015 51 2018 ·
137 2002 268 2038 nem
301 1986 555 2043 iubemus
588 1986 912 2057 praedicare,
954 1984 1043 2036 seu
1083 2001 1178 2053 per
1216 1985 1424 2035 indices
1457 1983 1633 2052 palam
1671 1977 1918 2038 facimus,

49 2443 57 2455 »-
143 2412 466 2483 frequentati

139 2056 359 2127 publice
394 2055 608 2109 adfixas.
681 2057 1002 2126 Indignatur
1035 2075 1086 2107 v,
1112 2074 1154 2119 5.
1191 2057 1338 2125 quod
1371 2056 1423 2104 ei
1461 2053 1751 2123 quidquam
1784 2053 1921 2102 dare
1952 2066 1954 2069 ·

140 2139 336 2195 negent
366 2144 480 2180 non
512 2129 754 2199 paffurus
779 2129 904 2180 ideo
934 2127 1005 2179 est
1037 2144 1153 2191 v.9.
1188 2141 1249 2178 vt
1277 2125 1430 2202 isium
1452 2126 1704 2174 vidulum
1713 2117 1923 2196 ferant

145 2198 405 2258 auferant,
444 2211 509 2251 vt
545 2198 828 2276 postulare
858 2216 951 2252 eos
994 2209 1166 2268 putat,
1203 2213 1402 2267 nempe
1427 2194 1583 2247 solos.
1622 2196 1799 2246 literis
1834 2213 1921 2244 cu·

142 2272 312 2324 bitum
342 2272 523 2339 longis
559 2272 620 2322 in
653 2274 879 2342 longum
918 2271 1180 2327 formatis,
1231 2286 1395 2339 quam
1429 2266 1639 2337 poss‘urn
1668 2267 1922 2317 maximia

139 2340 364 2413 signabo
406 2341 500 2393 scri
550 2357 666 2395 tum
704 2359 987 2412 exponam,
1024 2361 1195 2410 vsque
1231 2359 1444 2410 quaque
1476 2338 1742 2397 ¹omnibus
1786 2338 1923 2388 locis

468 2362 636 2485 [Ignis
670 2443 741 2483 -7-
773 2414 886 2485 post
917 2412 1131 2464 versum
1158 2430 1235 2463 11.
1273 2414 1422 2463 intua
1459 2412 1656 2479 aliquia
1691 2409 1929 2477 Gripum

144 2498 306 2537 vocat
339 2514 410 2524 -
451 2502 530 2535 12.
570 2487 672 2537 hoc
708 2501 843 2537 veru
881 2514 952 2525 -
1010 2501 1090 2545 ις.
1125 2502 1312 2534 verum
1362 2485 1584 2551 antique
1630 2491 1726 2550 pro
1770 2499 1923 2538 veru,

147 2555 298 2627 quod
319 2557 705 2626 extergendum
727 2571 858 2616 erat,
892 2559 1151 2627 quoniam
1179 2558 1340 2605 herus
1359 2553 1427 2605 se.
1445 2571 1493 2614 7.
1520 2572 1572 2603 v.
1594 2560 1675 2611 38.
1699 2568 1928 2603 coenam

148 2629 311 2698 coqui
346 2626 558 2680 iuss'erat
603 2657 675 2669 -
724 2629 824 2680 hoc
863 2647 998 2693 veru
1040 2646 1108 2677 ex
1150 2645 1279 2677 vere
1313 2637 1503 2677 natum
1548 2621 1623 2698 est
1668 2634 1726 2671 vt
1768 2622 1927 2673 flores

148 2698 394 2751 vernales
440 2700 496 2749 in
543 2717 704 2750 manu
742 2694 1065 2776 consenescit
1104 2727 1175 2736 —-
1228 2699 1304 2748 16.
1343 2716 1460 2748 cum
1505 2690 1691 2769 inraso
1728 2697 1927 2759 capite.

149 2768 362 2841 Pistoris
410 2767 641 2837 explicat
675 2789 782 2822 non
828 2766 973 2846 raso,
1017 2770 1166 2839 quod
1207 2785 1247 2820 ι.
1270 2785 1414 2827 ²·37·
1437 2779 1664 2817 vocatur
1699 2761 1927 2843 crispus.

70 2855 73 2857 ’
154 2841 430 2911 Quoniam
453 2859 586 2893 vero
619 2840 767 2893 idem
798 2843 924 2893 leno
959 2860 1002 2891 2.
1028 2860 1072 2890 2.
1102 2858 1176 2891 ιι.
1214 2840 1462 2890 recaluus
1499 2850 1738 2895 vocatur,
1777 2851 1836 2887 vt
1869 2840 1930 2886 in

152 2909 332 2964 fronte
365 2911 513 2969 idem
556 2914 761 2972 caluus,
808 2915 867 2964 in
903 2913 1166 2981 obcipitio
1213 2911 1417 2977 crispus
1460 2925 1739 2976 canusque
1777 2907 1932 2958 fuiffe

153 2981 427 3053 putandus
456 2984 532 3042 fit,
570 2984 802 3053 Gripum
838 2986 1019 3034 verbis
1053 2975 1236 3057 inraso
1264 2984 1449 3049 capite
1479 2981 1752 3030 caluitiem
1784 2982 1935 3030 leno·

154 3054 243 3104 nie
279 3054 506 3106 arbitror
525 3055 684 3106 rififfe
711 3084 784 3095 —-
826 3073 904 3118 17.
940 3074 1063 3104 num
1101 3054 1339 3103 medicus
1368 3073 1421 3104 es
1462 3055 1557 3120 qui
1587 3068 1761 3121 rogas,
1802 3067 1934 3119 quo·

155 3123 322 3176 modo
362 3126 613 3184 valeam?
646 3155 717 3166 --
771 3143 849 3187 19.
871 3122 1072 3199 forma
1119 3135 1212 3175 tua
1245 3125 1503 3176 mendico
1547 3139 1660 3173 non
1709 3121 1933 3192 indigna

155 3267 347 3319 Errant
383 3269 482 3337 qui
516 3270 812 3344 explicant:

157 3193 246 3248 est.
281 3224 354 3235 —-
395 3213 476 3246 20.
508 3196 649 3248 elavi
667 3197 857 3248 naufra
899 3199 1013 3248 ium
1044 3196 1172 3246 feci.
1212 3195 1324 3245 vid.
1353 3196 1493 3246 Afin.
1521 3211 1562 3245 r.
1590 3210 1701 3255 ²·9·
1737 3221 1807 3232 ——-
1851 3211 1932 3252 24.

832 3217 894 3341 fi
920 3286 1029 3321 non
1059 3265 1424 3325 lzocfabulari
1454 3267 1539 3318 vis
1564 3275 1743 3316 tamen
1778 3263 1935 3315 aliud
