2144 3554
291 113 419 168 274
874 96 971 162 (m
1030 110 1455 156 maacaroats
1502 108 1506 120 “

293 242 537 325 miserias
557 242 697 321 suas
729 262 956 294 narrare
994 244 1319 311 tragicorum
1358 247 1571 313 potius,
1624 262 1786 314 quam
1831 250 2059 304 comico,

294 337 416 369 rum
443 317 602 367 est—
637 334 767 386 quos
796 313 1061 371 coelestes,
1101 317 1275 364 noctis
1306 326 1406 367 etc.
1445 315 1571 369 deos
1594 346 1666 355 —-
1704 338 1753 378 7,
1780 340 1885 376 non
1913 319 2064 382 tanti
2129 346 2135 349 -·

276 383 503 462 facere,
539 398 627 446 vt,
666 388 798 456 quid
819 387 1022 442 velint,
1060 398 1151 434 aut
1187 387 1321 452 quid
1361 405 1468 436 nou
1520 377 1698 438 velint
1734 408 2061 459 magnopere

295 474 511 519 curent3
555 470 610 508 vt
640 475 731 509 eos
771 458 858 507 seu
893 468 1148 507 votorum
1189 471 1465 524 compotes
1504 457 1744 525 reddere,
1782 458 1875 511 seu
1903 465 2062 513 malis

292 534 547 588 liberare,
580 531 826 579 laborent
852 556 923 565 —
977 533 1025 577 8.
1069 529 1130 575 in
1174 527 1335 576 vobis
1380 530 1527 595 prior
1577 525 1772 593 syllaba
1822 533 2066 602 acuenda

293 602 363 655 est
385 631 455 640 —-
498 602 687 666 potius
717 616 882 668 qnam
908 597 1010 647 diis
1043 627 1108 636 „-
1152 616 1168 646 1
1190 616 1227 647 1.
1255 599 1398 658 hinc,
1441 599 1665 669 quidam
1687 604 1775 651 Izic
1798 633 1866 640 η·-
1914 601 2065 675 14.st
2126 627 2130 630 ·

294 691 464 741 opera
501 670 576 743 esc
614 671 864 728 auribus,
917 670 948 716 fi
989 668 1338 718 commodum
1380 669 1478 727 est,
1530 673 1563 719 fi
1612 671 1682 721 ad
1708 672 2063 724 ‘audiendum

291 747 516 795 vocatis.
554 770 626 779 ——
684 747 759 791 16.
804 759 879 794 17.
915 740 1092 807 Quam
1122 738 1338 806 Pistoris
1377 743 1685 801 extricauit‚
1736 762 1761 794 a
1810 746 2063 813 pluribus

292 815 683 881 Gronovioque
726 825 998 880 receptam
1035 804 1354 869 lectionem,
1406 825 1463 862 et
1498 828 1598 881 ego
1644 817 1836 882 putaui
1878 826 2063 866 tenen-

290 887 432 937 dam.
504 883 869 950 Explicandus
901 880 1077 931 forsan
1111 883 1201 931 hic
1234 884 1385 932 locus
1425 884 1496 932 ita
1531 884 1631 934 est:
1677 887 1709 933 fi
1748 887 1882 953 quid
1917 903 2064 955 roga·

286 959 458 1014 veris,
508 958 660 1023 prius
696 972 852 1023 quam
897 952 1069 1002 facere
1109 952 1346 1010 coneris,
1404 969 1554 1006 more
1602 956 1871 1007 maiorum
1915 959 2066 1024 prius

286 1028 555 1080 indicium
579 1024 996 1095 exspectandum
1036 1023 1120 1082 est,
1161 1041 1270 1093 quo
1301 1024 1359 1073 id
1389 1025 1572 1075 conari
1601 1027 1838 1077 iubeare.
1893 1029 2064 1097 Roga-

283 1112 435 1151 verat
470 1098 692 1165 quidem
732 1097 1000 1146 Charinus
1044 1114 1094 1158 v,
1130 1112 1207 1156 14·
1240 1113 1315 1155 ις.
1357 1098 1650 1161 narrationi
1683 1094 1806 1162 suae
1843 1097 2064 1148 audien-

285 1174 437 1228 tiam,
468 1168 578 1227 sed,
611 1169 769 1234 prius
797 1185 960 1235 quarn
994 1166 1264 1232 adciperet
1297 1167 1584 1224 indicium,
1625 1169 1770 1235 quod
1802 1180 1922 1219 erat
1944 1168 2063 1236 per-

284 1252 566 1299 contatus,
608 1238 719 1308 ipse
754 1240 902 1288 illico
937 1239 1194 1287 indicium
1216 1233 1411 1312 sumit,
1448 1251 1642 1293 narrat,
1684 1241 1824 1308 quasi
1854 1234 2063 1292 narrare

281 1313 476 1370 iussus,
512 1313 568 1360 in
607 1328 779 1379 eoque
811 1327 1006 1375 parum
1030 1327 1178 1358 more
1201 1310 1464 1359 maiorum
1505 1308 1722 1381 insi-itit.
1778 1308 1862 1361 Cf.
1896 1330 1949 1361 v.
1979 1330 2060 1374 37.

279 1386 376 1436 vbi
413 1383 752 1451 multiloquio
790 1380 841 1429 se
881 1396 1104 1449 peccare
1139 1379 1339 1430 fatetur
1364 1409 1435 1418 —
1481 1373 1555 1429 ars
1586 1380 1718 1430 vers.
1751 1388 1804 1431 18
1831 1381 1941 1452 sqq.
1990 1383 2061 1432 cf.

280 1457 405 1506 Ter.
438 1455 581 1503 Eun.
615 1472 656 1503 1.
687 1470 727 1501 1.
764 1470 819 1512 14
850 1450 961 1520 sqq.
1002 1452 1057 1499 in
1092 1467 1271 1499 amore
1309 1450 1442 1499 haec
1477 1453 1659 1500 omnia
1697 1447 1880 1526 insunt
1915 1455 2067 1503 vitia

281 1541 385 1579 etc.
409 1554 478 1564 —-
520 1543 599 1574 20.
627 1540 899 1593 quemque,
934 1537 1352 1590 quemcumque,
1376 1522 1471 1589 qui
1499 1519 1735 1572 sumtum
1762 1526 2066 1591 praebet—,-

288 1616 371 1649 21.
409 1609 557 1666 pater
595 1596 628 1642 fi
680 1595 859 1643 sumtu
909 1594 969 1642 fit
1008 1590 1317 1651 exhaustus,
1385 1593 1563 1642 omnis
1609 1590 1815 1643 familia
1862 1612 2063 1664 magno

281 1670 574 1720 mulctatur
605 1663 910 1716 infortunio
939 1693 1006 1701 -—
1042 1657 1252 1742 [olidus
1293 1661 1391 1713 est:
1432 1680 1680 1732 magnus,
1720 1663 1828 1724 sed,
1874 1679 1932 1717 vt
1971 1667 2063 1715 hic

284 1757 413 1790 cum
448 1754 675 1804 magnus
712 1739 963 1786 iunctum
998 1738 1094 1790 elt,
1134 1735 1200 1783 fic
1241 1734 1397 1785 Cure.
1428 1753 1473 1795 3.
1503 1753 1581 1796 35.
1626 1752 1755 1785 cnm
1781 1739 2061 1801 grandis:
2120 1762 2124 1764 *

266 1806 513 1889 solidam
550 1820 602 1857 et
628 1809 891 1874 grandem
924 1806 1165 1878 gratiam
1195 1833 1267 1844 -
1311 1823 1388 1862 ²3·
1414 1823 1551 1871 prae
1581 1808 1753 1875 magis
1786 1825 1944 1875 quam
1977 1827 2063 1858 res

281 1881 472 1933 census
500 1881 717 1946 patitur
750 1907 821 1917 ·-—
872 1896 949 1939 ²5·
982 1872 1247 1949 insomnia
1295 1877 1565 1945 plerisque
1602 1877 1819 1927 videtur
1850 1879 2061 1935 oe'z'jvevlae.

236 1970 237 1973 ¹
280 1955 315 2002 fi
350 1954 605 2003 somnum
654 1966 846 2016 capere
891 1963 1153 2015 nequeas,
1206 1960 1268 1996 vt
1297 1950 1430 1997 haec
1467 1955 1601 2006 V'OX,
1647 1949 1778 1999 ficut
1817 1950 2074 2016 reliquae·

279 2027 335 2075 h.
369 2027 406 2085 l.
457 2038 676 2076 omnes,
724 2023 780 2077 in
838 2036 1066 2069 numero
1094 2017 1353 2075 ‚sumatur
1389 2019 1687 2087 .fingulari;
1749 2019 2066 2070 Pass'eratius

282 2108 460 2145 autem
505 2094 760 2160 intelligit
805 2092 1009 2140 ἐνύπυωι
1048 2087 1158 2137 visa
1203 2102 1464 2139 nocturna
1503 2117 1569 2129 -·
1626 2108 1706 2150 3²·
1748 2108 1886 2158 quae
1923 2089 2066 2144 nihil

280 2168 577 2231 adtingunt
612 2163 859 2214 adtinent
891 2161 967 2210 ad
1001 2180 1106 2209 rem
1135 2187 1205 2198 -—-
1248 2177 1324 2217 37·
1367 2158 1763 2228 multiloquium
1800 2159 1948 2229 qnod
1978 2178 2061 2211 ex-

281 2237 458 2293 cusat,
500 2236 597 2290 est,
648 2252 757 2303 quo
802 2233 1161 2300 spectatorum
1206 2246 1360 2280 aures
1404 2230 1470 2280 de
1510 2248 1688 2282 amore
1733 2230 1826 2282 suo
1866 2233 2060 2282 obtun-

281 2310 408 2358 dere
437 2310 679 2356 minatur
700 2331 773 2343 -ι
820 2313 896 2353 ³3.
924 2304 1030 2353 hoc
1059 2318 1189 2351 vero
1222 2299 1532 2352 excusatum
1567 2304 1717 2372 cupit
1743 2304 1924 2354 eodem
1950 2305 2059 2362 die,

276 2398 383 2449 quo
428 2379 613 2429 Venus
670 2377 719 2424 ei
769 2392 1002 2424 amorem
1057 2370 1326 2439 legauerz't
1375 2372 1648 2441 intelligo:
1724 2391 1832 2443 quo
1883 2387 2062 2443 partes

278 2451 530 2500 amatoris
571 2445 912 2496 sustinendae
951 2445 1043 2494 fibi
1087 2445 1186 2510 [int
1214 2470 1286 2482 —-·
1342 2462 1426 2504 40.
1464 2445 1740 2510 principio
1785 2455 1948 2512 atque
2000 2458 2061 2495 vt

275 2524 512 2592 primum
539 2535 610 2555 —‘-
645 2519 855 2566 animus
883 2517 1022 2564 exiit
1049 2531 1146 2583 ego
1172 2515 1279 2564 exii
1309 2543 1380 2551 —
1421 2533 1503 2574 43.
1543 2534 1628 2565 res
1654 2509 1956 2588 exfitlatum
1983 2517 2060 2574 ad

278 2586 430 2642 illam
465 2590 653 2638 abibat
685 2586 796 2647 vid.
831 2585 988 2635 Cure.
1015 2603 1065 2648 4.
1087 2604 1135 2647 4.
1162 2603 1204 2644 3.
1232 2613 1302 2622 ——
1339 2586 1476 2634 clam
1499 2587 1684 2651 patri-s
1722 2603 1847 2636 cum
1882 2584 2059 2635 omniss

276 2665 379 2713 bus
410 2661 606 2712 casibus
643 2659 882 2727 obliquis
919 2658 1055 2706 clam
1088 2655 1355 2724 reperitur
1388 2658 1649 2724 pomum,
1690 2654 1781 2705 sed
1816 2672 1943 2707 curn
1970 2672 2056 2725 ge-

278 2735 457 2784 nitiuo
494 2733 668 2780 rarius
700 2757 770 2766 ———
819 2747 903 2787 44.
938 2730 1263 2792 inportunus
1288 2725 1515 2777 Ifidorus
1551 2727 1806 2795 explicat:
1849 2727 2057 2794 inquie-

274 2817 395 2862 tuS,
445 2801 593 2872 quod
639 2816 752 2849 non
787 2800 951 2847 habet
991 2812 1238 2866 portum,
1277 2799 1373 2847 vbi
1406 2797 1646 2866 quiescat
1676 2825 1748 2835 -—
1785 2796 1899 2862 post
1941 2814 2059 2847 ver-

276 2874 392 2925 sum
422 2892 483 2934 47
521 2870 704 2921 versui
736 2888 788 2928 53
838 2870 1021 2918 locum
1072 2867 1255 2918 deberi
1302 2869 1571 2935 aptiorem
1601 2869 1878 2931 *nonnulli
1917 2867 2057 2917 iudi-

274 2958 465 2999 carunt
498 2971 568 2981 --
609 2959 688 3003 52.
727 2957 906 2990 omnes
946 2948 1187 2989 tenerent
1211 2939 1544 2989 abstinerent
1580 2939 1898 2988 mutuitanti
1940 2957 2056 2989 mu-

271 3018 416 3067 tuari
436 3013 698 3080 cupienti,
725 3023 981 3061 mutuum
1003 3011 1285 3077 quaerenti
1305 3037 1377 3047 -—
1419 3027 1439 3070 ς
1452 3030 1497 3070 3.
1517 3011 1697 3060 inlexe
1724 3009 1960 3058 inlexiffe
1985 3039 2057 3047 —

276 3092 356 3150 56.
391 3087 657 3135 rationem
686 3083 826 3131 vitae
853 3076 1299 3154 meae'peffimam
1326 3075 1428 3153 effe
1447 3109 1519 3137 ,-
1560 3098 1697 3149 quae
1721 3075 1872 3161 ipsus:
1896 3078 2052 3148 (ipse)
2114 3085 2116 3089 ⁷

274 3159 483 3224 optima
525 3156 734 3204 ratione
772 3152 1056 3201 inueniffet
1080 3179 1152 3189 -
1195 3157 1271 3207 ς8.
1303 3168 1398 3218 pro
1434 3152 1609 3200 deteri
1632 3151 1911 3199 Gronovm
1945 3153 2054 3219 pla·

273 3231 428 3280 cebat
464 3226 644 3276 didier
688 3251 758 3261 ——
817 3239 898 3289 59.
942 3233 1094 3292 pater
1140 3221 1318 3291 pergit
1367 3219 1548 3271 filium
1603 3222 1926 3290 obiurgare:
1980 3215 2051 3296 se

2141 3226 2144 3307 1
