2144 3554
227 193 341 253 33²
905 188 980 234 m
1042 183 1324 233 roimvm

218 329 422 381 mutari
464 327 611 377 vult:
648 324 779 375 hero
810 324 911 387 vni
943 324 1135 390 potius
1171 324 1320 374 intus
1358 338 1456 390 ego
1489 320 1559 374 sc.
1595 324 1841 383 narrabt),
1876 327 2002 379 odio

216 418 383 471 quam
413 399 500 448 hio
507 394 617 470 fim
640 396 800 450 vobis
835 394 1097 444 omnibus.
1173 392 1279 445 sed
1314 396 1523 446 iocatur
1555 393 1742 446 seruus
1772 425 1857 466 ···.
1888 413 2000 449 102.

213 467 316 546 [ed
361 486 471 536 ego:
499 487 638 519 nunc
671 464 763 540 ss,
817 481 934 516 cum
979 483 1061 514 me
1103 481 1315 526 moror,·
1359 464 1611 533 primitus
1653 468 1758 518 cusi
1800 467 2005 518 habent

211 537 314 617 sed
341 559 440 607 ego
467 559 608 590 nunc
636 556 731 589 cur
755 555 833 586 me
862 553 1073 596 morer;
1106 534 1422 603 posteriores
1436 533 1548 613 sed
1578 556 1673 604 ego
1701 556 1839 588 nunc
1865 537 2004 589 nihil

220 632 250 662 e
275 625 315 672 c,
356 626 452 662 cut·
489 630 570 662 me
602 623 780 660 morer
794 626 814 668 ,·
866 608 1156 675 Scioppius
1192 625 1297 657 non
1336 607 1428 683 ψ,
1478 627 1572 661 cur
1610 625 1691 658 me
1723 624 1901 660 morer
1931 637 2002 675 5—

219 701 340 746 ¹04·
384 698 485 751 pro
534 692 690 731 nocte
732 695 857 730 cum
885 679 1178 728 Gulielmio
1225 679 1547 745 ponendum
1589 681 1780 749 putaui
1824 681 2001 731 docte.

216 754 344 806 Nox
368 755 479 804 huc
503 752 645 802 nihil
671 749 817 807 facit,
854 760 908 799 et
935 747 1114 799 fabula
1139 748 1332 801 eodem
1357 751 1684 826 die‘pgracta
1709 751 1796 806 est,
1833 753 2006 801 docta

216 842 350 876 vero
393 824 628 880 consilia,
677 823 825 873 docti
872 820 987 870 doli
1024 819 1266 871 Comicis
1302 820 1511 890 semper
1548 825 1608 873 in
1648 837 1739 874 ore
1774 820 1900 873 sunt
1932 850 2005 861 ...

217 907 274 947 et
308 899 413 947 hoc
448 893 599 963 quod
637 908 665 942 a
702 890 1012 958 Syncerasto
1057 889 1228 943 didici
1269 888 1650 967 consulendum
1689 910 1802 945 non
1838 895 2005 962 neglj-

212 967 458 1036 gendum
487 965 560 1017 est
588 990 659 1004 ·—-
702 981 763 1013 10
772 981 817 1026 ς.
847 974 901 1014 et
938 962 1079 1015 illud
1105 960 1379 1033 confilium
1403 964 1755 1018 vernaculum
1783 981 1812 1015 a
1844 966 2004 1017 nobie

202 1039 340 1111 vipfia
373 1038 758 1109 excogitatum.

591 1158 677 1209 IN
733 1158 1004 1210 ACTVS
1042 1158 1105 1208 V.
1193 1156 1546 1210 SCENAM
1582 1157 1624 1208 1.

317 1254 403 1303 De
436 1253 665 1304 Punicis
709 1253 874 1303 huius
914 1251 1102 1302 scenae
1140 1252 1271 1302 vide
1306 1253 1722 1322 Argumentum.
1793 1252 2006 1304 Petituu

212 1340 277 1376 ea
310 1324 385 1375 ita
425 1324 645 1393 putauit
678 1325 844 1373 latine
880 1322 980 1373 effe
1015 1324 1307 1375 vertenda:
1364 1341 1405 1374 1.
1437 1324 1702 1375 Inclinate
1735 1335 1793 1373 et
1820 1324 2005 1374 aduor-

211 1394 332 1453 tite,
350 1412 403 1445 :o
425 1395 522 1444 Dii
552 1396 829 1464 Deaeque,
868 1411 1102 1463 quorum
1136 1394 1231 1445 sub
1271 1397 1504 1445 numine
1535 1396 1642 1444 viri
1671 1396 1836 1446 huius
1869 1396 2004 1444 ciui-

209 1468 337 1517 tatis
374 1465 516 1524 sunt,
567 1483 610 1516 2.
651 1468 1104 1534 Deprecationem
1141 1476 1194 1514 et
1228 1466 1596 1533 integritatem
1638 1483 1817 1516 meam
1864 1466 2005 1518 adci-

211 1538 346 1608 pite.
398 1539 548 1586 Duas
576 1534 709 1585 filias
739 1538 1013 1604 generaui‚
1052 1537 1219 1587 robur
1244 1552 1464 1588 meum:
1526 1531 1572 1596 3.
1604 1536 1736 1589 Fato
1764 1536 2007 1604 inpulsus

212 1608 353 1675 feci,
412 1621 473 1658 vt
511 1609 655 1657 irent
688 1607 908 1676 singulis
955 1606 1186 1657 deorum
1231 1605 1373 1658 festis
1413 1607 1481 1657 ad
1530 1609 1748 1664 hortos,
1796 1623 1844 1669 4.
1880 1625 2010 1659 cum

250 1679 414 1730 audio
459 1681 653 1738 multo,
700 1679 850 1746 quod
889 1678 1246 1729 conturbauit
1287 1677 1438 1737 deus,
1492 1691 1546 1728 et
1585 1680 1644 1729 i‘n
1678 1679 1766 1737 die
1805 1679 2009 1730 cantici

235 1752 319 1801 uit
348 1752 622 1801 vacuitas:
663 1766 704 1809 ς.
735 1748 953 1800 Puellae
982 1748 1264 1818 subreptae
1301 1748 1581 1800 abierunt!
1615 1764 1858 1819 quonam
1890 1751 2004 1808 ibn,

210 1823 485 1873 thalamos
523 1835 715 1871 omnes
753 1819 1002 1872 calcans?
1049 1823 1097 1871 6.
1131 1821 1231 1871 vbi
1254 1820 1340 1879 est,
1379 1823 1479 1890 qui
1518 1821 1636 1872 illas
1672 1817 1898 1891 rapuit?
1944 1834 2008 1872 vt

140 1933 143 1936 .
206 1895 402 1944 tollam
434 1891 833 1961 ineptitudines
874 1891 1074 1942 doloris
1121 1895 1251 1950 mei,
1298 1907 1430 1960 quas
1466 1893 1608 1961 quasi
1643 1888 1849 1943 fructus
1885 1909 2007 1960 pro-

207 1964 366 2015 ducit
403 1965 546 2014 mihi
592 1964 816 2031 gignere
862 1975 916 2012 et
962 1961 1189 2013 educare
1231 1980 1278 2025 7.
1309 1961 1529 2014 liberos.
1597 1965 1870 2016 Dixerunt
1911 1965 2006 2015 hic

204 2052 304 2106 pro
350 2049 497 2087 certo
532 2037 777 2087 habitare
805 2034 1226 2104 Agorastoclem:
1258 2039 1330 2084 ‹8.
1359 2034 1447 2083 Est
1480 2034 1763 2104 hospitalis
1803 2034 2002 2094 tess‘era.

205 2107 431 2158 Saturni
482 2106 720 2175 immago
758 2106 920 2169 (hanc
964 2105 1106 2171 fero)
1156 2121 1204 2168 9.
1250 2105 1392 2156 inter
1428 2123 1546 2156 nos.
1635 2106 1759 2158 Esto
1804 2107 2007 2176 aliquio

204 2176 331 2229 finis
370 2178 580 2228 itineris
622 2179 763 2233 mei,
821 2192 929 2244 quo
979 2176 1199 2227 tandem
1244 2176 1543 2246 integritati
1587 2192 1741 2228 meae
1786 2178 2005 2248 requies

203 2248 559 2308 concedatur,
613 2265 692 2300 ro.
732 2264 802 2298 ne
839 2246 980 2299 solus
1020 2261 1074 2297 et
1111 2247 1269 2297 miser
1304 2247 1662 2319 addictusque
1691 2266 1860 2300 errem
1892 2250 2005 2301 huc

200 2321 355 2379 illuc,
409 2321 547 2387 quin
587 2320 771 2387 potius
813 2320 874 2368 in
916 2318 1103 2370 liberis
1137 2319 1275 2369 meis
1317 2320 1569 2378 innouer,
1621 2334 1674 2371 et
1703 2321 2001 2390 rependam

205 2392 353 2443 dona
383 2401 435 2441 et
466 2391 770 2459 oblationes
814 2407 832 2440 1
852 2407 892 2441 1.
920 2390 1025 2439 diis
1059 2389 1388 2459 deabusque,
1421 2409 1557 2460 quos
1584 2393 1842 2444 inuocaui
1875 2408 2002 2443 con-

202 2462 429 2514 [ultores
458 2460 511 2512 et
532 2461 806 2512 adiutores
842 2461 985 2513 mihi
1028 2478 1106 2512 ιτ.
1136 2461 1203 2510 ad
1226 2460 1544 2512 lustrandam
1573 2462 1801 2515 domum
1820 2479 2003 2515 meam

204 2553 236 2587 a
271 2533 474 2592 dol-ore,
513 2548 623 2602 quo
666 2532 911 2583 adfectus
956 2531 1093 2591 sum,
1131 2549 1299 2600 quum
1339 2535 1461 2584 illos
1505 2534 1796 2586 laudarem.
1894 2535 2003 2585 Sed

205 2600 512 2657 orationem
547 2620 662 2653 non
706 2604 1055 2675 adceperunt‚
1106 2602 1605 2674 adflictiffirnusque
1646 2607 1763 2657 sum
1796 2619 1848 2657 et
1890 2609 2003 2655 ani-

170 2734 182 2740 „
205 2695 363 2743 mum
402 2674 730 2746 despondeo,
812 2693 890 2735 13.
934 2675 982 2726 O
1013 2673 1131 2742 spes
1157 2691 1295 2729 mea,
1331 2677 1442 2727 huc
1478 2679 1628 2734 veni,
1668 2691 1737 2738 et,
1779 2678 1875 2746 qui
1911 2693 2003 2726 me

205 2764 447 2816 cumque
503 2757 692 2799 manet
738 2746 919 2803 labor,
980 2744 1219 2815 perferre
1266 2744 1452 2806 facim,
1513 2749 1732 2800 animos
1775 2749 1923 2799 sume
1971 2765 2002 2798 a

204 2820 433 2870 veritate
471 2819 677 2868 oraculi
712 2831 766 2867 et
797 2815 1172 2886 responsorum
1206 2817 1296 2868 dei
1329 2817 1462 2877 Ταῦ,
1498 2835 1524 2867 a
1559 2820 1999 2870 diuinationibus

206 2903 263 2941 et
296 2889 514 2940 ostentis
549 2888 950 2958 prodigiisque:
1001 2899 1077 2949 1'4.
1108 2888 1352 2951 Numero
1387 2889 1714 2958 adimplere:
1758 2892 1906 2960 erige
1945 2905 2010 2942 te:

209 2972 264 3010 et
290 2977 524 3027 precare.
582 2960 800 3009 Vtinam
843 2959 1165 3010 exaudiant:
1201 2954 1418 3010 faceffat'
1437 2960 1592 3012 dolor
1628 2978 1655 3012 a
1690 2975 1839 3032 patre
1880 2963 2001 3019 reli-

206 3031 374 3101 gioso,
412 3045 466 3082 et
498 3029 811 3099 dignoscam
838 3029 1021 3081 fratris
1051 3030 1228 3082 filium
1252 3030 1583 3082 Aristoclem.
1666 3051 1741 3094 ις.
1766 3034 2002 3084 Adtento

207 3103 336 3154 audi
370 3103 819 3153 lamentationem
854 3101 1022 3160 istam,
1059 3104 1226 3162 Βειιε,
1262 3119 1384 3152 mea
1418 3105 1678 3173 potentia,
1716 3099 2000 3156 festinaad

204 3177 494 3224 veritatem
538 3173 692 3222 verbi
738 3174 1078 3224 exaltationis
1123 3190 1294 3232 meae,
1352 3191 1383 3225 o
1414 3175 1582 3231 Deus,
1626 3189 1680 3226 et
1722 3176 1998 3225 ceffabunt

206 3245 535 3314 sterquilinia
559 3260 696 3294 mea.
742 3244 985 3295 16.‘Ecce
1008 3244 1263 3313 deinceps
1286 3244 1352 3295 de
1374 3248 1511 3295 meis
1533 3245 1880 3311 facultatibus
1901 3249 1996 3297 ho·

205 3333 399 3367 norem
420 3315 653 3374 habebo,
689 3313 992 3368 sacrificans
1019 3315 1098 3367 far
1129 3316 1235 3370 diis
1264 3317 1541 3378 omnibus,
1580 3329 1635 3368 et
1665 3317 1918 3371 laudans!
1944 3315 1993 3369 ΕΞ
