<?xml version="1.0" encoding="UTF-8"?>
<!DOCTYPE html PUBLIC "-//W3C//DTD XHTML 1.0 Transitional//EN"
    "http://www.w3.org/TR/xhtml1/DTD/xhtml1-transitional.dtd">
<html xmlns="http://www.w3.org/1999/xhtml" xml:lang="en" lang="en">
 <head>
  <title>
</title>
<meta http-equiv="Content-Type" content="text/html;charset=utf-8" />
  <meta name='ocr-system' content='tesseract 3.04.00' />
  <meta name='ocr-capabilities' content='ocr_page ocr_carea ocr_par ocr_line ocrx_word'/>
</head>
<body>
  <div class='ocr_page' id='page_1' title='image "./commentariusperp01plauuoft_0272.png"; bbox 0 0 2144 3554; ppageno 0'>
   <div class='ocr_carea' id='block_1_1' title="bbox 312 0 627 47">
    <p class='ocr_par' dir='ltr' id='par_1_1' title="bbox 312 0 627 47">
     <span class='ocr_line' id='line_1_1' title="bbox 312 0 627 47; baseline -0.006 0"><span class='ocrx_word' id='word_1_1' title='bbox 312 0 627 47; x_wconf 58' lang='lat' dir='ltr'><strong>v·-</strong></span> 
     </span>
    </p>
   </div>
   <div class='ocr_carea' id='block_1_2' title="bbox 255 198 1598 261">
    <p class='ocr_par' dir='ltr' id='par_1_2' title="bbox 255 198 1598 261">
     <span class='ocr_line' id='line_1_2' title="bbox 255 198 1598 261; baseline 0.001 -7"><span class='ocrx_word' id='word_1_2' title='bbox 255 198 372 261; x_wconf 86' lang='lat'><strong>266</strong></span> <span class='ocrx_word' id='word_1_3' title='bbox 756 210 828 254; x_wconf 76' lang='lat' dir='ltr'><strong>m</strong></span> <span class='ocrx_word' id='word_1_4' title='bbox 885 209 1147 252; x_wconf 72' lang='lat' dir='ltr'><strong>mimus</strong></span> <span class='ocrx_word' id='word_1_5' title='bbox 1211 209 1530 255; x_wconf 70' lang='lat' dir='ltr'><strong>Gtossiosr</strong></span> <span class='ocrx_word' id='word_1_6' title='bbox 1595 226 1598 229; x_wconf 57' lang='lat'><em>&gt;</em></span> 
     </span>
    </p>
   </div>
   <div class='ocr_carea' id='block_1_3' title="bbox 245 345 2038 696">
    <p class='ocr_par' dir='ltr' id='par_1_3' title="bbox 245 345 2038 696">
     <span class='ocr_line' id='line_1_3' title="bbox 246 345 2028 416; baseline 0 -18"><span class='ocrx_word' id='word_1_7' title='bbox 246 348 502 398; x_wconf 88' lang='lat' dir='ltr'><strong>libertina</strong></span> <span class='ocrx_word' id='word_1_8' title='bbox 536 370 606 384; x_wconf 83' lang='lat'><strong>-—</strong></span> <span class='ocrx_word' id='word_1_9' title='bbox 663 359 740 402; x_wconf 87' lang='lat'><strong>17.</strong></span> <span class='ocrx_word' id='word_1_10' title='bbox 770 361 909 412; x_wconf 83' lang='lat' dir='ltr'><strong>quae</strong></span> <span class='ocrx_word' id='word_1_11' title='bbox 941 345 1167 409; x_wconf 79' lang='lat' dir='ltr'><strong>cupiunt</strong></span> <span class='ocrx_word' id='word_1_12' title='bbox 1201 347 1286 393; x_wconf 81' lang='lat' dir='ltr'><strong>tui</strong></span> <span class='ocrx_word' id='word_1_13' title='bbox 1323 345 1442 402; x_wconf 87' lang='lat' dir='ltr'><strong>alii,</strong></span> <span class='ocrx_word' id='word_1_14' title='bbox 1480 357 1589 416; x_wconf 74' lang='lat' dir='ltr'><strong>qu‘o</strong></span> <span class='ocrx_word' id='word_1_15' title='bbox 1620 347 1681 397; x_wconf 90' lang='lat' dir='ltr'><strong>in</strong></span> <span class='ocrx_word' id='word_1_16' title='bbox 1714 348 1939 400; x_wconf 78' lang='lat' dir='ltr'><strong>numero</strong></span> <span class='ocrx_word' id='word_1_17' title='bbox 1972 359 2028 400; x_wconf 86' lang='lat' dir='ltr'><strong>et</strong></span> 
     </span>
     <span class='ocr_line' id='line_1_4' title="bbox 249 412 2031 479; baseline 0 -10"><span class='ocrx_word' id='word_1_18' title='bbox 249 418 587 469; x_wconf 80' lang='lat' dir='ltr'>Camerarius</span> <span class='ocrx_word' id='word_1_19' title='bbox 634 412 731 472; x_wconf 90' lang='lat' dir='ltr'><strong>est,</strong></span> <span class='ocrx_word' id='word_1_20' title='bbox 788 415 1002 479; x_wconf 82' lang='lat' dir='ltr'><strong>cupidis</strong></span> <span class='ocrx_word' id='word_1_21' title='bbox 1049 416 1146 464; x_wconf 82' lang='lat' dir='ltr'><strong>tui.</strong></span> <span class='ocrx_word' id='word_1_22' title='bbox 1204 413 1292 464; x_wconf 81' lang='lat' dir='ltr'><strong>sed</strong></span> <span class='ocrx_word' id='word_1_23' title='bbox 1340 429 1394 466; x_wconf 91' lang='lat' dir='ltr'><strong>et</strong></span> <span class='ocrx_word' id='word_1_24' title='bbox 1434 432 1482 476; x_wconf 89' lang='lat'><strong>4.</strong></span> <span class='ocrx_word' id='word_1_25' title='bbox 1519 435 1561 466; x_wconf 85' lang='lat' dir='ltr'><strong>z.</strong></span> <span class='ocrx_word' id='word_1_26' title='bbox 1598 423 1677 476; x_wconf 81' lang='lat'><strong>58.</strong></span> <span class='ocrx_word' id='word_1_27' title='bbox 1732 417 1907 467; x_wconf 67' lang='lat' dir='ltr'><strong>est⁸ab</strong></span> <span class='ocrx_word' id='word_1_28' title='bbox 1945 422 2031 469; x_wconf 82' lang='lat' dir='ltr'><strong>tui-</strong></span> 
     </span>
     <span class='ocr_line' id='line_1_5' title="bbox 247 478 2028 556; baseline -0.001 -17"><span class='ocrx_word' id='word_1_29' title='bbox 247 490 499 555; x_wconf 79' lang='lat' dir='ltr'><strong>cupiente</strong></span> <span class='ocrx_word' id='word_1_30' title='bbox 530 514 601 526; x_wconf 83' lang='lat'><strong>--</strong></span> <span class='ocrx_word' id='word_1_31' title='bbox 661 503 739 534; x_wconf 84' lang='lat'><strong>20.</strong></span> <span class='ocrx_word' id='word_1_32' title='bbox 763 478 966 556; x_wconf 81' lang='lat' dir='ltr'><strong>forma</strong></span> <span class='ocrx_word' id='word_1_33' title='bbox 1026 484 1239 535; x_wconf 84' lang='lat' dir='ltr'><strong>liberali</strong></span> <span class='ocrx_word' id='word_1_34' title='bbox 1294 488 1479 553; x_wconf 87' lang='lat' dir='ltr'><strong>pulcra</strong></span> <span class='ocrx_word' id='word_1_35' title='bbox 1530 485 1672 538; x_wconf 83' lang='lat' dir='ltr'><strong>Pers.</strong></span> <span class='ocrx_word' id='word_1_36' title='bbox 1695 493 1750 549; x_wconf 87' lang='lat'><strong>4.&#39;</strong></span> <span class='ocrx_word' id='word_1_37' title='bbox 1774 508 1819 547; x_wconf 77' lang='grc'><strong>3,</strong></span> <span class='ocrx_word' id='word_1_38' title='bbox 1852 507 1928 550; x_wconf 78' lang='lat'><strong>52.</strong></span> <span class='ocrx_word' id='word_1_39' title='bbox 1957 517 2028 528; x_wconf 91' lang='lat'><strong>—-</strong></span> 
     </span>
     <span class='ocr_line' id='line_1_6' title="bbox 252 551 2038 631; baseline -0.001 -23"><span class='ocrx_word' id='word_1_40' title='bbox 252 578 276 608; x_wconf 84' lang='lat'>2</span> <span class='ocrx_word' id='word_1_41' title='bbox 295 577 334 610; x_wconf 69' lang='grc' dir='ltr'><strong>ι.</strong></span> <span class='ocrx_word' id='word_1_42' title='bbox 367 560 443 609; x_wconf 80' lang='lat' dir='ltr'><strong>ad</strong></span> <span class='ocrx_word' id='word_1_43' title='bbox 468 569 617 608; x_wconf 80' lang='lat' dir='ltr'><strong>tuam</strong></span> <span class='ocrx_word' id='word_1_44' title='bbox 638 551 892 627; x_wconf 86' lang='lat' dir='ltr'><strong>formam</strong></span> <span class='ocrx_word' id='word_1_45' title='bbox 924 555 1023 604; x_wconf 82' lang='lat' dir='ltr'><strong>illa</strong></span> <span class='ocrx_word' id='word_1_46' title='bbox 1050 574 1166 605; x_wconf 80' lang='lat' dir='ltr'><strong>vna</strong></span> <span class='ocrx_word' id='word_1_47' title='bbox 1196 558 1366 624; x_wconf 82' lang='lat' dir='ltr'><strong>digna</strong></span> <span class='ocrx_word' id='word_1_48' title='bbox 1402 556 1476 631; x_wconf 82' lang='lat' dir='ltr'><strong>esc&#39;</strong></span> <span class='ocrx_word' id='word_1_49' title='bbox 1502 559 1657 608; x_wconf 86' lang='lat' dir='ltr'><strong>cuius</strong></span> <span class='ocrx_word' id='word_1_50' title='bbox 1684 557 1856 610; x_wconf 89' lang='lat' dir='ltr'><strong>forma</strong></span> <span class='ocrx_word' id='word_1_51' title='bbox 1900 571 2038 608; x_wconf 80' lang='lat' dir='ltr'><strong>cum·</strong></span> 
     </span>
     <span class='ocr_line' id='line_1_7' title="bbox 245 627 2027 696; baseline 0 -16"><span class='ocrx_word' id='word_1_52' title='bbox 245 644 340 681; x_wconf 84' lang='lat' dir='ltr'><strong>tna</strong></span> <span class='ocrx_word' id='word_1_53' title='bbox 379 639 736 696; x_wconf 82' lang='lat' dir='ltr'><strong>comparetur.</strong></span> <span class='ocrx_word' id='word_1_54' title='bbox 812 627 901 675; x_wconf 83' lang='lat' dir='ltr'><strong>Sic</strong></span> <span class='ocrx_word' id='word_1_55' title='bbox 926 627 1052 676; x_wconf 86' lang='lat' dir='ltr'><strong>Ter.</strong></span> <span class='ocrx_word' id='word_1_56' title='bbox 1084 627 1226 676; x_wconf 87' lang='lat' dir='ltr'><strong>Eun.</strong></span> <span class='ocrx_word' id='word_1_57' title='bbox 1263 648 1306 678; x_wconf 82' lang='lat'><strong>2.</strong></span> <span class='ocrx_word' id='word_1_58' title='bbox 1339 647 1384 689; x_wconf 87' lang='lat'><strong>3.</strong></span> <span class='ocrx_word' id='word_1_59' title='bbox 1415 643 1497 691; x_wconf 86' lang='lat'><strong>09.</strong></span> <span class='ocrx_word' id='word_1_60' title='bbox 1543 630 1604 680; x_wconf 89' lang='lat' dir='ltr'><strong>C.</strong></span> <span class='ocrx_word' id='word_1_61' title='bbox 1639 628 1781 679; x_wconf 88' lang='lat' dir='ltr'><strong>estne</strong></span> <span class='ocrx_word' id='word_1_62' title='bbox 1810 629 2027 680; x_wconf 68' lang='lat' dir='ltr'><strong>forma?</strong></span> 
     </span>
    </p>
   </div>
   <div class='ocr_carea' id='block_1_4' title="bbox 245 696 2144 770">
    <p class='ocr_par' dir='ltr' id='par_1_4' title="bbox 245 696 2144 770">
     <span class='ocr_line' id='line_1_8' title="bbox 245 696 2144 770; baseline -0.001 -19"><span class='ocrx_word' id='word_1_63' title='bbox 245 701 307 752; x_wconf 90' lang='lat' dir='ltr'><strong>P.</strong></span> <span class='ocrx_word' id='word_1_64' title='bbox 335 700 474 750; x_wconf 89' lang='lat' dir='ltr'><strong>sane.</strong></span> <span class='ocrx_word' id='word_1_65' title='bbox 535 698 597 748; x_wconf 92' lang='lat' dir='ltr'><strong>C.</strong></span> <span class='ocrx_word' id='word_1_66' title='bbox 628 711 681 748; x_wconf 90' lang='lat' dir='ltr'><strong>at</strong></span> <span class='ocrx_word' id='word_1_67' title='bbox 717 697 858 747; x_wconf 89' lang='lat' dir='ltr'><strong>nihil</strong></span> <span class='ocrx_word' id='word_1_68' title='bbox 891 698 965 746; x_wconf 84' lang='lat' dir='ltr'><strong>ad</strong></span> <span class='ocrx_word' id='word_1_69' title='bbox 999 696 1241 770; x_wconf 76' lang='lat' dir='ltr'><strong>nostram</strong></span> <span class='ocrx_word' id='word_1_70' title='bbox 1275 700 1454 750; x_wconf 75' lang='lat' dir='ltr'><strong>hanc?</strong></span> <span class='ocrx_word' id='word_1_71' title='bbox 1489 728 1561 738; x_wconf 88' lang='lat'><strong>—-</strong></span> <span class='ocrx_word' id='word_1_72' title='bbox 1614 719 1694 762; x_wconf 84' lang='lat'><strong>23.</strong></span> <span class='ocrx_word' id='word_1_73' title='bbox 1731 703 2030 751; x_wconf 79' lang='lat' dir='ltr'><strong>demoritur</strong></span> <span class='ocrx_word' id='word_1_74' title='bbox 2085 709 2087 713; x_wconf 88' lang='lat'>&#39;</span> <span class='ocrx_word' id='word_1_75' title='bbox 2142 715 2144 718; x_wconf 58' lang='lat'><em>⁴</em></span> 
     </span>
    </p>
   </div>
   <div class='ocr_carea' id='block_1_5' title="bbox 238 767 2031 1410">
    <p class='ocr_par' dir='ltr' id='par_1_5' title="bbox 238 767 2031 1410">
     <span class='ocr_line' id='line_1_9' title="bbox 244 767 2024 841; baseline 0.001 -20"><span class='ocrx_word' id='word_1_76' title='bbox 244 778 335 830; x_wconf 59' lang='lat' dir='ltr'><strong>te.</strong></span> <span class='ocrx_word' id='word_1_77' title='bbox 383 774 579 820; x_wconf 84' lang='lat' dir='ltr'><strong>iterum</strong></span> <span class='ocrx_word' id='word_1_78' title='bbox 628 767 700 817; x_wconf 85' lang='lat' dir='ltr'><strong>est</strong></span> <span class='ocrx_word' id='word_1_79' title='bbox 747 785 796 828; x_wconf 83' lang='grc'><strong>4.</strong></span> <span class='ocrx_word' id='word_1_80' title='bbox 830 787 874 816; x_wconf 84' lang='lat'><strong>2.</strong></span> <span class='ocrx_word' id='word_1_81' title='bbox 905 785 988 830; x_wconf 91' lang='lat'><strong>49.</strong></span> <span class='ocrx_word' id='word_1_82' title='bbox 1027 786 1171 836; x_wconf 79' lang='lat' dir='ltr'><strong>quae</strong></span> <span class='ocrx_word' id='word_1_83' title='bbox 1222 779 1277 818; x_wconf 80' lang='lat' dir='ltr'><strong>te</strong></span> <span class='ocrx_word' id='word_1_84' title='bbox 1326 772 1626 820; x_wconf 81' lang='lat' dir='ltr'><strong>demoritur</strong></span> <span class='ocrx_word' id='word_1_85' title='bbox 1674 774 1710 820; x_wconf 92' lang='lat' dir='ltr'><strong>i.</strong></span> <span class='ocrx_word' id='word_1_86' title='bbox 1731 789 1782 841; x_wconf 93' lang='lat' dir='ltr'><strong>q.</strong></span> <span class='ocrx_word' id='word_1_87' title='bbox 1830 790 1876 834; x_wconf 83' lang='lat'><strong>4.</strong></span> <span class='ocrx_word' id='word_1_88' title='bbox 1901 787 2024 834; x_wconf 79' lang='lat'><strong>9.&#39;9.</strong></span> 
     </span>
     <span class='ocr_line' id='line_1_10' title="bbox 248 838 2027 909; baseline 0.001 -17"><span class='ocrx_word' id='word_1_89' title='bbox 248 844 465 909; x_wconf 78' lang='lat' dir='ltr'><strong>deperit</strong></span> <span class='ocrx_word' id='word_1_90' title='bbox 499 853 579 899; x_wconf 83' lang='lat' dir='ltr'><strong>te,</strong></span> <span class='ocrx_word' id='word_1_91' title='bbox 612 838 823 908; x_wconf 85' lang='lat' dir='ltr'><strong>perdite</strong></span> <span class='ocrx_word' id='word_1_92' title='bbox 854 850 996 887; x_wconf 86' lang='lat' dir='ltr'><strong>amat</strong></span> <span class='ocrx_word' id='word_1_93' title='bbox 1021 868 1092 878; x_wconf 93' lang='lat'><strong>--</strong></span> <span class='ocrx_word' id='word_1_94' title='bbox 1128 842 1324 907; x_wconf 81' lang='lat' dir='ltr'><em>incipit</em></span> <span class='ocrx_word' id='word_1_95' title='bbox 1357 841 1509 891; x_wconf 89' lang='lat' dir='ltr'><strong>abire</strong></span> <span class='ocrx_word' id='word_1_96' title='bbox 1538 842 1842 908; x_wconf 86' lang='lat' dir='ltr'><strong>periculum</strong></span> <span class='ocrx_word' id='word_1_97' title='bbox 1878 841 2027 900; x_wconf 85' lang='lat' dir='ltr'><strong>facit,</strong></span> 
     </span>
     <span class='ocr_line' id='line_1_11' title="bbox 246 909 2031 981; baseline 0.002 -20"><span class='ocrx_word' id='word_1_98' title='bbox 246 913 315 962; x_wconf 86' lang='lat' dir='ltr'><strong>ad</strong></span> <span class='ocrx_word' id='word_1_99' title='bbox 347 926 399 963; x_wconf 90' lang='lat' dir='ltr'><strong>te</strong></span> <span class='ocrx_word' id='word_1_100' title='bbox 429 929 456 960; x_wconf 87' lang='lat' dir='ltr'><strong>a</strong></span> <span class='ocrx_word' id='word_1_101' title='bbox 491 914 684 965; x_wconf 82' lang='lat' dir='ltr'><strong>marito</strong></span> <span class='ocrx_word' id='word_1_102' title='bbox 712 909 805 960; x_wconf 90' lang='lat' dir='ltr'><strong>suo</strong></span> <span class='ocrx_word' id='word_1_103' title='bbox 836 910 1166 960; x_wconf 71' lang='lat' dir='ltr'><strong>abeundi-</strong></span> <span class='ocrx_word' id='word_1_104' title='bbox 1205 914 1283 960; x_wconf 83' lang='lat'><strong>26.</strong></span> <span class='ocrx_word' id='word_1_105' title='bbox 1310 930 1447 980; x_wconf 80' lang='lat' dir='ltr'><strong>quae</strong></span> <span class='ocrx_word' id='word_1_106' title='bbox 1481 915 1650 979; x_wconf 79' lang='lat' dir='ltr'><strong>cupit.</strong></span> <span class='ocrx_word' id='word_1_107' title='bbox 1682 929 1752 962; x_wconf 88' lang='lat' dir='ltr'><strong>ne</strong></span> <span class='ocrx_word' id='word_1_108' title='bbox 1787 928 2031 981; x_wconf 67' lang='lat' dir='ltr'><strong>quaeraS.</strong></span> 
     </span>
     <span class='ocr_line' id='line_1_12' title="bbox 246 979 2029 1050; baseline 0.001 -17"><span class='ocrx_word' id='word_1_109' title='bbox 246 984 515 1042; x_wconf 57' lang='lat' dir='ltr'><strong>an÷velit‚</strong></span> <span class='ocrx_word' id='word_1_110' title='bbox 569 998 706 1050; x_wconf 87' lang='lat' dir='ltr'><strong>quae</strong></span> <span class='ocrx_word' id='word_1_111' title='bbox 757 979 866 1048; x_wconf 89' lang='lat' dir='ltr'><strong>ipsa</strong></span> <span class='ocrx_word' id='word_1_112' title='bbox 918 983 1068 1049; x_wconf 85' lang='lat' dir='ltr'><strong>prior</strong></span> <span class='ocrx_word' id='word_1_113' title='bbox 1118 984 1365 1049; x_wconf 80' lang='lat' dir='ltr'><strong>cupit—</strong></span> <span class='ocrx_word' id='word_1_114' title='bbox 1401 999 1501 1046; x_wconf 72' lang='grc'><strong>39.</strong></span> <span class='ocrx_word' id='word_1_115' title='bbox 1538 984 1691 1033; x_wconf 75' lang='lat' dir='ltr'><strong>celox</strong></span> <span class='ocrx_word' id='word_1_116' title='bbox 1738 985 1852 1034; x_wconf 87' lang='lat' dir='ltr'><strong>vid.</strong></span> <span class='ocrx_word' id='word_1_117' title='bbox 1883 986 2029 1035; x_wconf 84' lang='lat' dir='ltr'><strong>Asin.</strong></span> 
     </span>
     <span class='ocr_line' id='line_1_13' title="bbox 246 1052 2028 1119; baseline 0.001 -16"><span class='ocrx_word' id='word_1_118' title='bbox 246 1074 296 1106; x_wconf 83' lang='lat'><strong>2.</strong></span> <span class='ocrx_word' id='word_1_119' title='bbox 333 1073 372 1106; x_wconf 82' lang='grc' dir='ltr'><strong>ι.</strong></span> <span class='ocrx_word' id='word_1_120' title='bbox 405 1073 482 1103; x_wconf 90' lang='lat'><strong>10.</strong></span> <span class='ocrx_word' id='word_1_121' title='bbox 520 1083 592 1092; x_wconf 82' lang='lat'><strong>—-</strong></span> <span class='ocrx_word' id='word_1_122' title='bbox 627 1072 711 1115; x_wconf 85' lang='lat'><strong>42.</strong></span> <span class='ocrx_word' id='word_1_123' title='bbox 746 1054 1056 1118; x_wconf 75' lang='lat' dir='ltr'><strong>pitlzecium,</strong></span> <span class='ocrx_word' id='word_1_124' title='bbox 1089 1052 1340 1119; x_wconf 65' lang='grc' dir='ltr'><strong>πιθήκων,</strong></span> <span class='ocrx_word' id='word_1_125' title='bbox 1383 1054 1638 1111; x_wconf 84' lang='lat' dir='ltr'><strong>simiolus,</strong></span> <span class='ocrx_word' id='word_1_126' title='bbox 1676 1053 1933 1105; x_wconf 85' lang='lat' dir='ltr'><strong>deformis</strong></span> <span class='ocrx_word' id='word_1_127' title='bbox 1956 1084 2028 1094; x_wconf 90' lang='lat'><strong>—</strong></span> 
     </span>
     <span class='ocr_line' id='line_1_14' title="bbox 240 1120 2026 1200; baseline 0 -24"><span class='ocrx_word' id='word_1_128' title='bbox 240 1145 377 1194; x_wconf 87' lang='lat' dir='ltr'><strong>prae</strong></span> <span class='ocrx_word' id='word_1_129' title='bbox 409 1125 510 1174; x_wconf 85' lang='lat' dir='ltr'><strong>illa</strong></span> <span class='ocrx_word' id='word_1_130' title='bbox 551 1134 855 1192; x_wconf 85' lang='lat' dir='ltr'><strong>comparata</strong></span> <span class='ocrx_word' id='word_1_131' title='bbox 888 1140 1008 1174; x_wconf 88' lang='lat' dir='ltr'><strong>cum</strong></span> <span class='ocrx_word' id='word_1_132' title='bbox 1043 1124 1149 1181; x_wconf 89' lang='lat' dir='ltr'><strong>illa,</strong></span> <span class='ocrx_word' id='word_1_133' title='bbox 1191 1140 1328 1192; x_wconf 86' lang='lat' dir='ltr'><strong>quae</strong></span> <span class='ocrx_word' id='word_1_134' title='bbox 1361 1125 1659 1175; x_wconf 87' lang='lat' dir='ltr'><strong>demoritur</strong></span> <span class='ocrx_word' id='word_1_135' title='bbox 1685 1139 1738 1176; x_wconf 92' lang='lat' dir='ltr'><strong>te</strong></span> <span class='ocrx_word' id='word_1_136' title='bbox 1773 1155 1844 1164; x_wconf 91' lang='lat'><strong>——</strong></span> <span class='ocrx_word' id='word_1_137' title='bbox 1867 1120 2026 1200; x_wconf 83' lang='lat' dir='ltr'><strong>spin-</strong></span> 
     </span>
     <span class='ocr_line' id='line_1_15' title="bbox 240 1190 2027 1265; baseline -0.001 -17"><span class='ocrx_word' id='word_1_138' title='bbox 240 1198 535 1248; x_wconf 81' lang='lat' dir='ltr'><strong>turnicium</strong></span> <span class='ocrx_word' id='word_1_139' title='bbox 572 1214 597 1245; x_wconf 90' lang='lat' dir='ltr'><strong>a</strong></span> <span class='ocrx_word' id='word_1_140' title='bbox 644 1190 981 1265; x_wconf 75' lang='lat' dir='ltr'><strong><em>spinturnix,</em></strong></span> <span class='ocrx_word' id='word_1_141' title='bbox 1032 1211 1171 1263; x_wconf 86' lang='lat' dir='ltr'><strong>quae</strong></span> <span class='ocrx_word' id='word_1_142' title='bbox 1210 1197 1328 1245; x_wconf 87' lang='lat' dir='ltr'><strong>auis</strong></span> <span class='ocrx_word' id='word_1_143' title='bbox 1373 1194 1443 1245; x_wconf 84' lang='lat' dir='ltr'><strong>est</strong></span> <span class='ocrx_word' id='word_1_144' title='bbox 1483 1195 1743 1252; x_wconf 80' lang='lat' dir='ltr'><strong>deformis</strong></span> <span class='ocrx_word' id='word_1_145' title='bbox 1780 1208 1833 1245; x_wconf 89' lang='lat' dir='ltr'><strong>et</strong></span> <span class='ocrx_word' id='word_1_146' title='bbox 1882 1199 2027 1248; x_wconf 87' lang='lat' dir='ltr'><strong>inau-</strong></span> 
     </span>
     <span class='ocr_line' id='line_1_16' title="bbox 239 1262 2026 1340; baseline -0.001 -22"><span class='ocrx_word' id='word_1_147' title='bbox 239 1268 440 1337; x_wconf 83' lang='lat' dir='ltr'><strong>spicata</strong></span> <span class='ocrx_word' id='word_1_148' title='bbox 472 1297 544 1306; x_wconf 90' lang='lat'><em>-</em></span> <span class='ocrx_word' id='word_1_149' title='bbox 577 1267 729 1316; x_wconf 85' lang='lat' dir='ltr'><strong>illam</strong></span> <span class='ocrx_word' id='word_1_150' title='bbox 763 1267 938 1315; x_wconf 82' lang='lat' dir='ltr'><strong>oculis</strong></span> <span class='ocrx_word' id='word_1_151' title='bbox 961 1277 1287 1315; x_wconf 79' lang='lat' dir='ltr'><strong>venaturam</strong></span> <span class='ocrx_word' id='word_1_152' title='bbox 1298 1262 1502 1340; x_wconf 76' lang='lat' dir='ltr'><strong>facere</strong></span> <span class='ocrx_word' id='word_1_153' title='bbox 1534 1278 1592 1317; x_wconf 91' lang='lat' dir='ltr'><strong>vt</strong></span> <span class='ocrx_word' id='word_1_154' title='bbox 1623 1267 1709 1317; x_wconf 85' lang='lat' dir='ltr'><strong>illa</strong></span> <span class='ocrx_word' id='word_1_155' title='bbox 1742 1268 1927 1319; x_wconf 85' lang='lat' dir='ltr'><strong>oculos</strong></span> <span class='ocrx_word' id='word_1_156' title='bbox 1965 1270 2026 1317; x_wconf 85' lang='lat' dir='ltr'><strong>in</strong></span> 
     </span>
     <span class='ocr_line' id='line_1_17' title="bbox 238 1337 2022 1410; baseline -0.002 -16"><span class='ocrx_word' id='word_1_157' title='bbox 238 1350 294 1394; x_wconf 81' lang='lat' dir='ltr'><strong>te</strong></span> <span class='ocrx_word' id='word_1_158' title='bbox 324 1339 553 1390; x_wconf 87' lang='lat' dir='ltr'><strong>coniicit</strong></span> <span class='ocrx_word' id='word_1_159' title='bbox 578 1367 650 1379; x_wconf 78' lang='lat'><strong>--</strong></span> <span class='ocrx_word' id='word_1_160' title='bbox 689 1340 978 1404; x_wconf 83' lang='lat' dir='ltr'><strong>aucupium</strong></span> <span class='ocrx_word' id='word_1_161' title='bbox 997 1337 1219 1387; x_wconf 81' lang='lat' dir='ltr'><strong>auribus</strong></span> <span class='ocrx_word' id='word_1_162' title='bbox 1244 1349 1481 1410; x_wconf 82' lang='lat' dir='ltr'><strong>captans,</strong></span> <span class='ocrx_word' id='word_1_163' title='bbox 1511 1353 1649 1408; x_wconf 89' lang='lat' dir='ltr'><strong>quae</strong></span> <span class='ocrx_word' id='word_1_164' title='bbox 1676 1339 1916 1391; x_wconf 80' lang='lat' dir='ltr'><strong>dicturus</strong></span> <span class='ocrx_word' id='word_1_165' title='bbox 1942 1341 2022 1390; x_wconf 81' lang='lat' dir='ltr'><strong>[is.</strong></span> 
     </span>
    </p>
   </div>
   <div class='ocr_carea' id='block_1_6' title="bbox 228 1477 2031 3410">
    <p class='ocr_par' dir='ltr' id='par_1_6' title="bbox 359 1477 1682 1542">
     <span class='ocr_line' id='line_1_18' title="bbox 359 1477 1682 1542; baseline 0.002 -13"><span class='ocrx_word' id='word_1_166' title='bbox 359 1532 361 1542; x_wconf 18' lang='grc' dir='ltr'>ἵ</span> <span class='ocrx_word' id='word_1_167' title='bbox 583 1479 666 1529; x_wconf 93' lang='lat' dir='ltr'><strong>IN</strong></span> <span class='ocrx_word' id='word_1_168' title='bbox 733 1477 998 1528; x_wconf 86' lang='lat' dir='ltr'>ACTVS</span> <span class='ocrx_word' id='word_1_169' title='bbox 1046 1479 1139 1530; x_wconf 90' lang='lat' dir='ltr'><strong>1V.</strong></span> <span class='ocrx_word' id='word_1_170' title='bbox 1215 1478 1553 1541; x_wconf 78' lang='lat' dir='ltr'>SCENAM</span> <span class='ocrx_word' id='word_1_171' title='bbox 1609 1482 1682 1531; x_wconf 90' lang='lat'><strong>11.</strong></span> 
     </span>
    </p>

    <p class='ocr_par' dir='ltr' id='par_1_7' title="bbox 228 1548 2031 3410">
     <span class='ocr_line' id='line_1_19' title="bbox 353 1548 2025 1611; baseline -0.001 -9"><span class='ocrx_word' id='word_1_172' title='bbox 353 1571 395 1603; x_wconf 86' lang='lat'><strong>1.</strong></span> <span class='ocrx_word' id='word_1_173' title='bbox 436 1554 611 1602; x_wconf 85' lang='lat' dir='ltr'><strong>circus</strong></span> <span class='ocrx_word' id='word_1_174' title='bbox 647 1549 853 1600; x_wconf 85' lang='lat' dir='ltr'>adludit</span> <span class='ocrx_word' id='word_1_175' title='bbox 891 1548 957 1599; x_wconf 89' lang='lat' dir='ltr'><strong>ad</strong></span> <span class='ocrx_word' id='word_1_176' title='bbox 985 1549 1142 1600; x_wconf 83' lang='lat' dir='ltr'><strong>ludos</strong></span> <span class='ocrx_word' id='word_1_177' title='bbox 1179 1549 1458 1601; x_wconf 84' lang='lat' dir='ltr'><strong>circenses.</strong></span> <span class='ocrx_word' id='word_1_178' title='bbox 1532 1552 1818 1602; x_wconf 71' lang='lat' dir='ltr'>Vaticanus</span> <span class='ocrx_word' id='word_1_179' title='bbox 1844 1565 2025 1611; x_wconf 82' lang='lat' dir='ltr'><strong>autem</strong></span> 
     </span>
     <span class='ocr_line' id='line_1_20' title="bbox 240 1613 2024 1695; baseline 0 -21"><span class='ocrx_word' id='word_1_180' title='bbox 240 1627 372 1675; x_wconf 88' lang='lat' dir='ltr'><strong>alter</strong></span> <span class='ocrx_word' id='word_1_181' title='bbox 400 1624 563 1673; x_wconf 89' lang='lat' dir='ltr'><strong>habet</strong></span> <span class='ocrx_word' id='word_1_182' title='bbox 587 1624 801 1676; x_wconf 74' lang='lat' dir='ltr'><strong>hircus.</strong></span> <span class='ocrx_word' id='word_1_183' title='bbox 842 1623 937 1689; x_wconf 86' lang='lat' dir='ltr'><strong>qui</strong></span> <span class='ocrx_word' id='word_1_184' title='bbox 973 1619 1043 1669; x_wconf 84' lang='lat' dir='ltr'><strong>est</strong></span> <span class='ocrx_word' id='word_1_185' title='bbox 1082 1620 1452 1695; x_wconf 83' lang='lat' dir='ltr'><strong>ludificandus</strong></span> <span class='ocrx_word' id='word_1_186' title='bbox 1488 1624 1620 1673; x_wconf 77' lang='lat' dir='ltr'><strong>mihi</strong></span> <span class='ocrx_word' id='word_1_187' title='bbox 1631 1661 1645 1681; x_wconf 94' lang='lat'>,</span> <span class='ocrx_word' id='word_1_188' title='bbox 1688 1637 1823 1692; x_wconf 86' lang='lat' dir='ltr'><strong>quae</strong></span> <span class='ocrx_word' id='word_1_189' title='bbox 1862 1613 2024 1675; x_wconf 81' lang='lat' dir='ltr'><strong>lec&#39;tio</strong></span> 
     </span>
     <span class='ocr_line' id='line_1_21' title="bbox 235 1688 2027 1764; baseline 0.001 -21"><span class='ocrx_word' id='word_1_190' title='bbox 235 1696 414 1764; x_wconf 81' lang='lat' dir='ltr'><strong>Lipfio</strong></span> <span class='ocrx_word' id='word_1_191' title='bbox 450 1711 563 1744; x_wconf 89' lang='lat' dir='ltr'><strong>non</strong></span> <span class='ocrx_word' id='word_1_192' title='bbox 597 1693 864 1761; x_wconf 88' lang='lat' dir='ltr'><strong>displicet.</strong></span> <span class='ocrx_word' id='word_1_193' title='bbox 954 1692 1120 1742; x_wconf 86' lang='lat' dir='ltr'><strong>Senes</strong></span> <span class='ocrx_word' id='word_1_194' title='bbox 1161 1692 1382 1760; x_wconf 86' lang='lat' dir='ltr'><strong>quidem</strong></span> <span class='ocrx_word' id='word_1_195' title='bbox 1419 1688 1659 1745; x_wconf 78' lang='lat' dir='ltr'><strong>amantes</strong></span> <span class='ocrx_word' id='word_1_196' title='bbox 1701 1711 1797 1762; x_wconf 87' lang='lat' dir='ltr'><strong>per</strong></span> <span class='ocrx_word' id='word_1_197' title='bbox 1839 1706 2027 1746; x_wconf 87' lang='lat' dir='ltr'><strong>contu-</strong></span> 
     </span>
     <span class='ocr_line' id='line_1_22' title="bbox 236 1764 2025 1834; baseline -0.001 -16"><span class='ocrx_word' id='word_1_198' title='bbox 236 1767 461 1818; x_wconf 85' lang='lat' dir='ltr'><strong>meliam</strong></span> <span class='ocrx_word' id='word_1_199' title='bbox 486 1766 820 1816; x_wconf 84' lang='lat' dir='ltr'><strong>vocabantur</strong></span> <span class='ocrx_word' id='word_1_200' title='bbox 845 1765 1002 1820; x_wconf 76' lang='lat' dir='ltr'><strong>hirci,</strong></span> <span class='ocrx_word' id='word_1_201' title='bbox 1042 1764 1283 1814; x_wconf 89' lang='lat' dir='ltr'><strong>iuniores</strong></span> <span class='ocrx_word' id='word_1_202' title='bbox 1308 1776 1485 1814; x_wconf 82' lang='lat' dir='ltr'><strong>autem</strong></span> <span class='ocrx_word' id='word_1_203' title='bbox 1521 1768 1705 1816; x_wconf 86' lang='lat' dir='ltr'><strong>minus</strong></span> <span class='ocrx_word' id='word_1_204' title='bbox 1736 1795 1808 1807; x_wconf 87' lang='lat'><strong>--</strong></span> <span class='ocrx_word' id='word_1_205' title='bbox 1853 1783 1895 1823; x_wconf 84' lang='grc' dir='ltr'><strong>ς.</strong></span> <span class='ocrx_word' id='word_1_206' title='bbox 1932 1767 2025 1834; x_wconf 82' lang='lat' dir='ltr'><strong>qui</strong></span> 
     </span>
     <span class='ocr_line' id='line_1_23' title="bbox 239 1830 2023 1913; baseline -0.001 -25"><span class='ocrx_word' id='word_1_207' title='bbox 239 1840 309 1888; x_wconf 82' lang='lat' dir='ltr'><strong>de</strong></span> <span class='ocrx_word' id='word_1_208' title='bbox 336 1831 555 1913; x_wconf 84' lang='lat' dir='ltr'><strong>vesperi</strong></span> <span class='ocrx_word' id='word_1_209' title='bbox 587 1839 746 1886; x_wconf 78' lang='lat' dir='ltr'><strong>viuat</strong></span> <span class='ocrx_word' id='word_1_210' title='bbox 769 1830 896 1910; x_wconf 81' lang='lat' dir='ltr'><strong>suo.</strong></span> <span class='ocrx_word' id='word_1_211' title='bbox 971 1836 1075 1885; x_wconf 89' lang='lat' dir='ltr'><strong>Iac.</strong></span> <span class='ocrx_word' id='word_1_212' title='bbox 1101 1837 1402 1886; x_wconf 84' lang='lat' dir='ltr'><strong>Durantius</strong></span> <span class='ocrx_word' id='word_1_213' title='bbox 1431 1837 1687 1906; x_wconf 86' lang='lat' dir='ltr'><strong>intelligit</strong></span> <span class='ocrx_word' id='word_1_214' title='bbox 1718 1836 2023 1906; x_wconf 78' lang='lat' dir='ltr'><strong>grassatores</strong></span> 
     </span>
     <span class='ocr_line' id='line_1_24' title="bbox 234 1905 2023 1977; baseline -0.002 -15"><span class='ocrx_word' id='word_1_215' title='bbox 234 1920 538 1962; x_wconf 82' lang='lat' dir='ltr'><strong>nocturnos</strong></span> <span class='ocrx_word' id='word_1_216' title='bbox 557 1943 571 1964; x_wconf 91' lang='lat'><strong>,</strong></span> <span class='ocrx_word' id='word_1_217' title='bbox 616 1909 712 1976; x_wconf 89' lang='lat' dir='ltr'><strong>qui</strong></span> <span class='ocrx_word' id='word_1_218' title='bbox 739 1905 894 1955; x_wconf 86' lang='lat' dir='ltr'><strong>furtis</strong></span> <span class='ocrx_word' id='word_1_219' title='bbox 922 1906 1028 1956; x_wconf 85' lang='lat' dir='ltr'><strong>suis</strong></span> <span class='ocrx_word' id='word_1_220' title='bbox 1056 1907 1222 1956; x_wconf 87' lang='lat' dir='ltr'><strong>vitam</strong></span> <span class='ocrx_word' id='word_1_221' title='bbox 1248 1907 1342 1956; x_wconf 85' lang='lat' dir='ltr'><strong>sibi</strong></span> <span class='ocrx_word' id='word_1_222' title='bbox 1378 1918 1584 1976; x_wconf 79' lang='lat' dir='ltr'><strong>parent,</strong></span> <span class='ocrx_word' id='word_1_223' title='bbox 1622 1922 1678 1959; x_wconf 89' lang='lat' dir='ltr'><strong>et</strong></span> <span class='ocrx_word' id='word_1_224' title='bbox 1707 1907 1914 1977; x_wconf 88' lang='lat' dir='ltr'><strong>vesperi</strong></span> <span class='ocrx_word' id='word_1_225' title='bbox 1937 1924 2023 1958; x_wconf 76' lang='lat' dir='ltr'><strong>res</strong></span> 
     </span>
     <span class='ocr_line' id='line_1_25' title="bbox 234 1976 2023 2046; baseline 0 -16"><span class='ocrx_word' id='word_1_226' title='bbox 234 1979 465 2031; x_wconf 82' lang='lat' dir='ltr'><strong>furtiuas</strong></span> <span class='ocrx_word' id='word_1_227' title='bbox 492 1995 697 2028; x_wconf 89' lang='lat' dir='ltr'><strong>venum</strong></span> <span class='ocrx_word' id='word_1_228' title='bbox 722 1979 910 2028; x_wconf 85' lang='lat' dir='ltr'><strong>darent</strong></span> <span class='ocrx_word' id='word_1_229' title='bbox 935 1979 991 2027; x_wconf 90' lang='lat' dir='ltr'><strong>in</strong></span> <span class='ocrx_word' id='word_1_230' title='bbox 1013 1976 1267 2034; x_wconf 84' lang='lat' dir='ltr'><strong>Suburra,</strong></span> <span class='ocrx_word' id='word_1_231' title='bbox 1287 1995 1449 2046; x_wconf 88' lang='lat' dir='ltr'><strong>quem</strong></span> <span class='ocrx_word' id='word_1_232' title='bbox 1462 1979 1667 2030; x_wconf 87' lang='lat' dir='ltr'><strong>Romae</strong></span> <span class='ocrx_word' id='word_1_233' title='bbox 1695 1981 1883 2030; x_wconf 89' lang='lat' dir='ltr'><strong>vicum</strong></span> <span class='ocrx_word' id='word_1_234' title='bbox 1894 1978 2023 2030; x_wconf 83' lang='lat' dir='ltr'><strong>Pro-</strong></span> 
     </span>
     <span class='ocr_line' id='line_1_26' title="bbox 230 2050 2022 2121; baseline -0.002 -19"><span class='ocrx_word' id='word_1_235' title='bbox 230 2054 440 2121; x_wconf 81' lang='lat' dir='ltr'><strong>pertius</strong></span> <span class='ocrx_word' id='word_1_236' title='bbox 468 2051 607 2109; x_wconf 70' lang='lat' dir='ltr'><strong>tideo</strong></span> <span class='ocrx_word' id='word_1_237' title='bbox 641 2050 929 2115; x_wconf 79' lang='lat' dir='ltr'><strong>vigilacem</strong></span> <span class='ocrx_word' id='word_1_238' title='bbox 969 2062 1144 2100; x_wconf 85' lang='lat' dir='ltr'><strong>vocet.</strong></span> <span class='ocrx_word' id='word_1_239' title='bbox 1239 2050 1541 2101; x_wconf 80' lang='lat' dir='ltr'><strong>Lambinus</strong></span> <span class='ocrx_word' id='word_1_240' title='bbox 1576 2052 1775 2102; x_wconf 87' lang='lat' dir='ltr'><strong>rectius</strong></span> <span class='ocrx_word' id='word_1_241' title='bbox 1805 2050 2022 2102; x_wconf 86' lang='lat' dir='ltr'><strong>videtur</strong></span> 
     </span>
     <span class='ocr_line' id='line_1_27' title="bbox 229 2119 2021 2191; baseline 0 -19"><span class='ocrx_word' id='word_1_242' title='bbox 229 2123 535 2191; x_wconf 86' lang='lat' dir='ltr'><strong>intelligere</strong></span> <span class='ocrx_word' id='word_1_243' title='bbox 570 2122 824 2170; x_wconf 82' lang='lat' dir='ltr'><strong>homines</strong></span> <span class='ocrx_word' id='word_1_244' title='bbox 863 2119 954 2169; x_wconf 91' lang='lat' dir='ltr'><strong>sua</strong></span> <span class='ocrx_word' id='word_1_245' title='bbox 991 2121 1189 2188; x_wconf 87' lang='lat' dir='ltr'><strong>quadra</strong></span> <span class='ocrx_word' id='word_1_246' title='bbox 1224 2122 1503 2187; x_wconf 84' lang='lat' dir='ltr'><strong>viuentes,</strong></span> <span class='ocrx_word' id='word_1_247' title='bbox 1561 2124 1788 2191; x_wconf 87' lang='lat' dir='ltr'><strong>quibus,</strong></span> <span class='ocrx_word' id='word_1_248' title='bbox 1842 2123 2021 2173; x_wconf 85' lang='lat' dir='ltr'><strong>alieno</strong></span> 
     </span>
     <span class='ocr_line' id='line_1_28' title="bbox 231 2190 2031 2262; baseline 0 -20"><span class='ocrx_word' id='word_1_249' title='bbox 231 2209 350 2244; x_wconf 83' lang='lat' dir='ltr'><strong>non</strong></span> <span class='ocrx_word' id='word_1_250' title='bbox 387 2193 672 2262; x_wconf 85' lang='lat' dir='ltr'><strong>egentibus</strong></span> <span class='ocrx_word' id='word_1_251' title='bbox 705 2194 846 2248; x_wconf 82' lang='lat' dir='ltr'><strong>cibo,</strong></span> <span class='ocrx_word' id='word_1_252' title='bbox 889 2192 1008 2258; x_wconf 77' lang='lat' dir='ltr'><strong>ipsis</strong></span> <span class='ocrx_word' id='word_1_253' title='bbox 1050 2191 1200 2243; x_wconf 87' lang='lat' dir='ltr'><strong>domi</strong></span> <span class='ocrx_word' id='word_1_254' title='bbox 1234 2190 1357 2242; x_wconf 88' lang='lat' dir='ltr'><strong>suae</strong></span> <span class='ocrx_word' id='word_1_255' title='bbox 1393 2193 1681 2252; x_wconf 73' lang='lat' dir='ltr'><strong>victus&#39;est,</strong></span> <span class='ocrx_word' id='word_1_256' title='bbox 1723 2196 1820 2261; x_wconf 90' lang='lat' dir='ltr'><strong>qui</strong></span> <span class='ocrx_word' id='word_1_257' title='bbox 1846 2194 2031 2244; x_wconf 52' lang='lat' dir='ltr'><strong>homi-⁸</strong></span> 
     </span>
     <span class='ocr_line' id='line_1_29' title="bbox 229 2261 2020 2330; baseline -0.001 -15"><span class='ocrx_word' id='word_1_258' title='bbox 229 2281 360 2323; x_wconf 77' lang='lat' dir='ltr'><strong>nee,</strong></span> <span class='ocrx_word' id='word_1_259' title='bbox 402 2266 583 2314; x_wconf 86' lang='lat' dir='ltr'><strong>ventri</strong></span> <span class='ocrx_word' id='word_1_260' title='bbox 614 2279 728 2314; x_wconf 88' lang='lat' dir='ltr'><strong>non</strong></span> <span class='ocrx_word' id='word_1_261' title='bbox 757 2273 1092 2321; x_wconf 85' lang='lat' dir='ltr'><strong>metuentes,</strong></span> <span class='ocrx_word' id='word_1_262' title='bbox 1126 2261 1281 2330; x_wconf 83' lang='lat' dir='ltr'><strong>saepe</strong></span> <span class='ocrx_word' id='word_1_263' title='bbox 1319 2264 1510 2313; x_wconf 82' lang='lat' dir='ltr'><strong>alienis</strong></span> <span class='ocrx_word' id='word_1_264' title='bbox 1538 2263 1605 2314; x_wconf 90' lang='lat' dir='ltr'><strong>de</strong></span> <span class='ocrx_word' id='word_1_265' title='bbox 1638 2265 1797 2316; x_wconf 84' lang='lat' dir='ltr'><strong>rebus</strong></span> <span class='ocrx_word' id='word_1_266' title='bbox 1829 2265 2020 2316; x_wconf 84' lang='lat' dir='ltr'><strong>curiosi</strong></span> 
     </span>
     <span class='ocr_line' id='line_1_30' title="bbox 231 2328 2020 2407; baseline 0 -21"><span class='ocrx_word' id='word_1_267' title='bbox 231 2335 359 2394; x_wconf 85' lang='lat' dir='ltr'><strong>sunt</strong></span> <span class='ocrx_word' id='word_1_268' title='bbox 390 2364 461 2376; x_wconf 89' lang='lat'><strong>—-·</strong></span> <span class='ocrx_word' id='word_1_269' title='bbox 508 2353 582 2385; x_wconf 83' lang='grc' dir='ltr'><strong>ιο.</strong></span> <span class='ocrx_word' id='word_1_270' title='bbox 616 2335 776 2384; x_wconf 76' lang='lat' dir='ltr'><strong>huius</strong></span> <span class='ocrx_word' id='word_1_271' title='bbox 787 2328 1072 2407; x_wconf 82' lang='lat' dir='ltr'><strong>sermones</strong></span> <span class='ocrx_word' id='word_1_272' title='bbox 1101 2335 1251 2384; x_wconf 80' lang='lat' dir='ltr'><strong>haud</strong></span> <span class='ocrx_word' id='word_1_273' title='bbox 1273 2336 1499 2384; x_wconf 84' lang='lat' dir='ltr'><strong>cinerem</strong></span> <span class='ocrx_word' id='word_1_274' title='bbox 1526 2339 1845 2404; x_wconf 68' lang='lat' dir='ltr'><strong>quaeritant</strong></span> <span class='ocrx_word' id='word_1_275' title='bbox 1871 2337 2020 2386; x_wconf 85' lang='lat' dir='ltr'><strong>varie</strong></span> 
     </span>
     <span class='ocr_line' id='line_1_31' title="bbox 228 2399 2016 2480; baseline -0.001 -22"><span class='ocrx_word' id='word_1_276' title='bbox 228 2408 399 2458; x_wconf 86' lang='lat' dir='ltr'><strong>verba</strong></span> <span class='ocrx_word' id='word_1_277' title='bbox 438 2407 578 2456; x_wconf 78' lang='lat' dir='ltr'><strong>haee</strong></span> <span class='ocrx_word' id='word_1_278' title='bbox 617 2419 671 2456; x_wconf 93' lang='lat' dir='ltr'><strong>et</strong></span> <span class='ocrx_word' id='word_1_279' title='bbox 702 2418 1018 2463; x_wconf 62' lang='lat' dir='ltr'><strong>mutantur.</strong></span> <span class='ocrx_word' id='word_1_280' title='bbox 1051 2422 1171 2456; x_wconf 85' lang='lat' dir='ltr'><strong>v.c.</strong></span> <span class='ocrx_word' id='word_1_281' title='bbox 1193 2399 1375 2480; x_wconf 87' lang='lat' dir='ltr'><strong>sermo</strong></span> <span class='ocrx_word' id='word_1_282' title='bbox 1415 2424 1535 2464; x_wconf 86' lang='lat' dir='ltr'><strong>nos,</strong></span> <span class='ocrx_word' id='word_1_283' title='bbox 1582 2410 1734 2459; x_wconf 76' lang='lat' dir='ltr'><strong>haud</strong></span> <span class='ocrx_word' id='word_1_284' title='bbox 1772 2410 2016 2465; x_wconf 83' lang='lat' dir='ltr'><strong>cinerem,</strong></span> 
     </span>
     <span class='ocr_line' id='line_1_32' title="bbox 230 2477 2020 2548; baseline -0.001 -19"><span class='ocrx_word' id='word_1_285' title='bbox 230 2479 541 2548; x_wconf 81' lang='lat' dir='ltr'><strong>quaeritat,</strong></span> <span class='ocrx_word' id='word_1_286' title='bbox 593 2489 646 2526; x_wconf 89' lang='lat' dir='ltr'><strong>et</strong></span> <span class='ocrx_word' id='word_1_287' title='bbox 693 2477 1047 2544; x_wconf 83' lang='lat' dir='ltr'><strong>explicantur.</strong></span> <span class='ocrx_word' id='word_1_288' title='bbox 1136 2478 1275 2527; x_wconf 81' lang='lat' dir='ltr'><strong>Alii:</strong></span> <span class='ocrx_word' id='word_1_289' title='bbox 1331 2494 1444 2527; x_wconf 88' lang='lat' dir='ltr'><strong>non</strong></span> <span class='ocrx_word' id='word_1_290' title='bbox 1482 2477 1662 2527; x_wconf 89' lang='lat' dir='ltr'><strong>senem</strong></span> <span class='ocrx_word' id='word_1_291' title='bbox 1711 2479 1924 2528; x_wconf 84' lang='lat' dir='ltr'><strong>aridum</strong></span> <span class='ocrx_word' id='word_1_292' title='bbox 1964 2489 2020 2527; x_wconf 89' lang='lat' dir='ltr'><strong>et</strong></span> 
     </span>
     <span class='ocr_line' id='line_1_33' title="bbox 231 2544 2019 2619; baseline 0 -18"><span class='ocrx_word' id='word_1_293' title='bbox 231 2550 562 2619; x_wconf 83' lang='lat' dir='ltr'><strong>capularem,</strong></span> <span class='ocrx_word' id='word_1_294' title='bbox 598 2544 688 2597; x_wconf 88' lang='lat' dir='ltr'><strong>sed</strong></span> <span class='ocrx_word' id='word_1_295' title='bbox 713 2564 820 2604; x_wconf 88' lang='lat' dir='ltr'><strong>me,</strong></span> <span class='ocrx_word' id='word_1_296' title='bbox 853 2549 1038 2597; x_wconf 87' lang='lat' dir='ltr'><strong>virum</strong></span> <span class='ocrx_word' id='word_1_297' title='bbox 1062 2547 1309 2607; x_wconf 72' lang='lat' dir='ltr'><strong>vinicium</strong></span> <span class='ocrx_word' id='word_1_298' title='bbox 1336 2562 1389 2598; x_wconf 91' lang='lat' dir='ltr'><strong>et</strong></span> <span class='ocrx_word' id='word_1_299' title='bbox 1413 2561 1582 2600; x_wconf 85' lang='lat' dir='ltr'><strong>aetate</strong></span> <span class='ocrx_word' id='word_1_300' title='bbox 1604 2552 1830 2619; x_wconf 84' lang='lat' dir='ltr'><strong>integra,</strong></span> <span class='ocrx_word' id='word_1_301' title='bbox 1857 2565 2019 2619; x_wconf 88' lang='lat' dir='ltr'><strong>quae-</strong></span> 
     </span>
     <span class='ocr_line' id='line_1_34' title="bbox 231 2620 2018 2690; baseline -0.001 -20"><span class='ocrx_word' id='word_1_302' title='bbox 231 2623 431 2681; x_wconf 81' lang='lat' dir='ltr'><strong>ritant3</strong></span> <span class='ocrx_word' id='word_1_303' title='bbox 477 2620 725 2668; x_wconf 86' lang='lat' dir='ltr'><strong>Siberus:</strong></span> <span class='ocrx_word' id='word_1_304' title='bbox 775 2636 889 2669; x_wconf 87' lang='lat' dir='ltr'><strong>non</strong></span> <span class='ocrx_word' id='word_1_305' title='bbox 930 2620 1235 2688; x_wconf 88' lang='lat' dir='ltr'><strong>quaeritant</strong></span> <span class='ocrx_word' id='word_1_306' title='bbox 1275 2621 1543 2679; x_wconf 85' lang='lat' dir='ltr'><strong>cinerem,</strong></span> <span class='ocrx_word' id='word_1_307' title='bbox 1599 2637 1705 2690; x_wconf 92' lang='lat' dir='ltr'><strong>quo</strong></span> <span class='ocrx_word' id='word_1_308' title='bbox 1746 2622 2018 2689; x_wconf 85' lang='lat' dir='ltr'><strong>poliantur</strong></span> 
     </span>
     <span class='ocr_line' id='line_1_35' title="bbox 233 2689 2017 2748; baseline 0.001 -7"><span class='ocrx_word' id='word_1_309' title='bbox 233 2690 650 2748; x_wconf 83' lang='lat' dir='ltr'><strong>et-nitidentur‚</strong></span> <span class='ocrx_word' id='word_1_310' title='bbox 689 2706 814 2739; x_wconf 89' lang='lat' dir='ltr'><strong>nam</strong></span> <span class='ocrx_word' id='word_1_311' title='bbox 846 2689 1119 2739; x_wconf 84' lang='lat' dir='ltr'><strong>sermones</strong></span> <span class='ocrx_word' id='word_1_312' title='bbox 1148 2691 1263 2745; x_wconf 86' lang='lat' dir='ltr'><strong>eius</strong></span> <span class='ocrx_word' id='word_1_313' title='bbox 1299 2691 1432 2738; x_wconf 85' lang='lat' dir='ltr'><strong>lauti</strong></span> <span class='ocrx_word' id='word_1_314' title='bbox 1467 2705 1521 2741; x_wconf 90' lang='lat' dir='ltr'><strong>et</strong></span> <span class='ocrx_word' id='word_1_315' title='bbox 1550 2693 1780 2741; x_wconf 85' lang='lat' dir='ltr'><strong>minime</strong></span> <span class='ocrx_word' id='word_1_316' title='bbox 1815 2690 2017 2742; x_wconf 83' lang='lat' dir='ltr'><strong>sordidi</strong></span> 
     </span>
     <span class='ocr_line' id='line_1_36' title="bbox 231 2755 2016 2835; baseline -0.002 -20"><span class='ocrx_word' id='word_1_317' title='bbox 231 2762 358 2815; x_wconf 80' lang='lat' dir='ltr'><strong>[unt</strong></span> <span class='ocrx_word' id='word_1_318' title='bbox 387 2790 460 2803; x_wconf 82' lang='lat'><strong>--</strong></span> <span class='ocrx_word' id='word_1_319' title='bbox 498 2779 574 2821; x_wconf 86' lang='lat'><strong>¹3·</strong></span> <span class='ocrx_word' id='word_1_320' title='bbox 599 2755 901 2835; x_wconf 78' lang='lat' dir='ltr'><strong>adlubescit</strong></span> <span class='ocrx_word' id='word_1_321' title='bbox 924 2761 1214 2826; x_wconf 84' lang='lat' dir='ltr'><strong>primulum</strong></span> <span class='ocrx_word' id='word_1_322' title='bbox 1236 2759 1446 2810; x_wconf 81' lang='lat' dir='ltr'><strong>inceffit</strong></span> <span class='ocrx_word' id='word_1_323' title='bbox 1465 2779 1555 2811; x_wconf 88' lang='lat' dir='ltr'><strong>me</strong></span> <span class='ocrx_word' id='word_1_324' title='bbox 1579 2762 1779 2831; x_wconf 84' lang='lat' dir='ltr'><strong>cupido</strong></span> <span class='ocrx_word' id='word_1_325' title='bbox 1807 2763 1924 2811; x_wconf 88' lang='lat' dir='ltr'><strong>eius</strong></span> <span class='ocrx_word' id='word_1_326' title='bbox 1944 2791 2016 2804; x_wconf 82' lang='lat'><strong>--</strong></span> 
     </span>
     <span class='ocr_line' id='line_1_37' title="bbox 236 2830 2015 2900; baseline 0 -16"><span class='ocrx_word' id='word_1_327' title='bbox 236 2852 317 2893; x_wconf 83' lang='lat'><strong>14.</strong></span> <span class='ocrx_word' id='word_1_328' title='bbox 358 2831 472 2900; x_wconf 83' lang='lat' dir='ltr'><strong>post</strong></span> <span class='ocrx_word' id='word_1_329' title='bbox 509 2831 682 2882; x_wconf 84' lang='lat' dir='ltr'><strong>oculis</strong></span> <span class='ocrx_word' id='word_1_330' title='bbox 723 2832 1004 2882; x_wconf 84' lang='lat' dir='ltr'><strong>additurus</strong></span> <span class='ocrx_word' id='word_1_331' title='bbox 1044 2830 1322 2882; x_wconf 86' lang='lat' dir='ltr'><strong>Palaestrio</strong></span> <span class='ocrx_word' id='word_1_332' title='bbox 1366 2831 1465 2883; x_wconf 79' lang='lat' dir='ltr'><strong>est:</strong></span> <span class='ocrx_word' id='word_1_333' title='bbox 1514 2835 1621 2883; x_wconf 86' lang='lat' dir='ltr'><strong>tuis</strong></span> <span class='ocrx_word' id='word_1_334' title='bbox 1659 2835 1845 2883; x_wconf 82' lang='lat' dir='ltr'><strong>heram</strong></span> <span class='ocrx_word' id='word_1_335' title='bbox 1896 2836 2015 2884; x_wconf 87' lang='lat' dir='ltr'><strong>eius</strong></span> 
     </span>
     <span class='ocr_line' id='line_1_38' title="bbox 231 2902 2014 2972; baseline 0 -18"><span class='ocrx_word' id='word_1_336' title='bbox 231 2905 441 2954; x_wconf 85' lang='lat' dir='ltr'><strong>videris</strong></span> <span class='ocrx_word' id='word_1_337' title='bbox 472 2902 659 2971; x_wconf 86' lang='lat' dir='ltr'><strong>ipsam.</strong></span> <span class='ocrx_word' id='word_1_338' title='bbox 733 2903 894 2952; x_wconf 88' lang='lat' dir='ltr'><strong>Miles</strong></span> <span class='ocrx_word' id='word_1_339' title='bbox 922 2920 1048 2953; x_wconf 86' lang='lat' dir='ltr'><strong>vero</strong></span> <span class='ocrx_word' id='word_1_340' title='bbox 1075 2904 1381 2970; x_wconf 86' lang='lat' dir='ltr'><strong>interpellat</strong></span> <span class='ocrx_word' id='word_1_341' title='bbox 1401 2906 1513 2954; x_wconf 81' lang='lat' dir='ltr'><strong>tuis</strong></span> <span class='ocrx_word' id='word_1_342' title='bbox 1540 2921 1639 2972; x_wconf 85' lang='lat' dir='ltr'><strong>ego</strong></span> <span class='ocrx_word' id='word_1_343' title='bbox 1670 2905 1817 2953; x_wconf 88' lang='lat' dir='ltr'><strong>illam</strong></span> <span class='ocrx_word' id='word_1_344' title='bbox 1840 2906 2014 2957; x_wconf 87' lang='lat' dir='ltr'><strong>oculis</strong></span> 
     </span>
     <span class='ocr_line' id='line_1_39' title="bbox 231 2973 2012 3043; baseline 0.001 -18"><span class='ocrx_word' id='word_1_345' title='bbox 231 2977 396 3025; x_wconf 80' lang='lat' dir='ltr'><strong>video</strong></span> <span class='ocrx_word' id='word_1_346' title='bbox 440 2975 937 3043; x_wconf 87' lang='lat' dir='ltr'><strong>pulcerrimamque</strong></span> <span class='ocrx_word' id='word_1_347' title='bbox 973 2974 1122 3024; x_wconf 88' lang='lat' dir='ltr'><strong>istam</strong></span> <span class='ocrx_word' id='word_1_348' title='bbox 1158 2974 1257 3024; x_wconf 82' lang='lat' dir='ltr'><strong>ess&#39;e</strong></span> <span class='ocrx_word' id='word_1_349' title='bbox 1301 2975 1480 3024; x_wconf 86' lang='lat' dir='ltr'><strong>credo.</strong></span> <span class='ocrx_word' id='word_1_350' title='bbox 1556 2973 1661 3024; x_wconf 88' lang='lat' dir='ltr'><strong>Sed</strong></span> <span class='ocrx_word' id='word_1_351' title='bbox 1697 2992 2012 3042; x_wconf 89' lang='lat' dir='ltr'><strong>quamcum-</strong></span> 
     </span>
     <span class='ocr_line' id='line_1_40' title="bbox 233 3041 2012 3115; baseline -0.001 -19"><span class='ocrx_word' id='word_1_352' title='bbox 233 3063 340 3115; x_wconf 88' lang='lat' dir='ltr'><strong>que</strong></span> <span class='ocrx_word' id='word_1_353' title='bbox 382 3046 539 3095; x_wconf 88' lang='lat' dir='ltr'><strong>miles</strong></span> <span class='ocrx_word' id='word_1_354' title='bbox 580 3041 843 3095; x_wconf 87' lang='lat' dir='ltr'><strong>feminam</strong></span> <span class='ocrx_word' id='word_1_355' title='bbox 881 3046 1060 3101; x_wconf 82' lang='lat' dir='ltr'><strong>videt,</strong></span> <span class='ocrx_word' id='word_1_356' title='bbox 1106 3060 1218 3098; x_wconf 86' lang='lat' dir='ltr'><strong>non</strong></span> <span class='ocrx_word' id='word_1_357' title='bbox 1265 3045 1592 3111; x_wconf 85' lang='lat' dir='ltr'><strong>inlepidam,</strong></span> <span class='ocrx_word' id='word_1_358' title='bbox 1631 3045 1882 3096; x_wconf 87' lang='lat' dir='ltr'><strong>adhinnit</strong></span> <span class='ocrx_word' id='word_1_359' title='bbox 1920 3046 2012 3094; x_wconf 84' lang='lat' dir='ltr'><strong>sta·</strong></span> 
     </span>
     <span class='ocr_line' id='line_1_41' title="bbox 230 3114 2008 3183; baseline 0.001 -17"><span class='ocrx_word' id='word_1_360' title='bbox 230 3114 362 3166; x_wconf 83' lang='lat' dir='ltr'><strong>tim!</strong></span> <span class='ocrx_word' id='word_1_361' title='bbox 399 3145 470 3158; x_wconf 78' lang='lat'><strong>-—</strong></span> <span class='ocrx_word' id='word_1_362' title='bbox 526 3132 603 3175; x_wconf 82' lang='lat'><strong>15.</strong></span> <span class='ocrx_word' id='word_1_363' title='bbox 638 3132 752 3166; x_wconf 88' lang='lat' dir='ltr'><strong>non</strong></span> <span class='ocrx_word' id='word_1_364' title='bbox 790 3116 1157 3167; x_wconf 85' lang='lat' dir='ltr'><strong>recedendum</strong></span> <span class='ocrx_word' id='word_1_365' title='bbox 1194 3128 1329 3183; x_wconf 90' lang='lat' dir='ltr'><strong>puto</strong></span> <span class='ocrx_word' id='word_1_366' title='bbox 1379 3132 1407 3164; x_wconf 87' lang='lat' dir='ltr'><strong>a</strong></span> <span class='ocrx_word' id='word_1_367' title='bbox 1453 3117 1688 3166; x_wconf 89' lang='lat' dir='ltr'><strong>lectione</strong></span> <span class='ocrx_word' id='word_1_368' title='bbox 1729 3117 2008 3171; x_wconf 79' lang='lat' dir='ltr'><strong>Gronovii.</strong></span> 
     </span>
     <span class='ocr_line' id='line_1_42' title="bbox 232 3183 2016 3256; baseline -0.002 -18"><span class='ocrx_word' id='word_1_369' title='bbox 232 3189 549 3256; x_wconf 83' lang='lat' dir='ltr'><strong>Exprimere</strong></span> <span class='ocrx_word' id='word_1_370' title='bbox 587 3199 768 3236; x_wconf 87' lang='lat' dir='ltr'><strong>autem</strong></span> <span class='ocrx_word' id='word_1_371' title='bbox 797 3188 1022 3237; x_wconf 84' lang='lat' dir='ltr'><strong>Plautus</strong></span> <span class='ocrx_word' id='word_1_372' title='bbox 1066 3186 1285 3236; x_wconf 83' lang='lat' dir='ltr'><strong>videtur</strong></span> <span class='ocrx_word' id='word_1_373' title='bbox 1323 3184 1609 3237; x_wconf 86' lang='lat' dir='ltr'><strong>infantiam</strong></span> <span class='ocrx_word' id='word_1_374' title='bbox 1647 3189 1867 3245; x_wconf 85' lang='lat' dir='ltr'><strong>militis,</strong></span> <span class='ocrx_word' id='word_1_375' title='bbox 1919 3183 2016 3238; x_wconf 35' lang='lat' dir='ltr'><strong>cui*</strong></span> 
     </span>
     <span class='ocr_line' id='line_1_43' title="bbox 232 3251 2007 3326; baseline -0.001 -18"><span class='ocrx_word' id='word_1_376' title='bbox 232 3262 396 3309; x_wconf 86' lang='lat' dir='ltr'><strong>verba</strong></span> <span class='ocrx_word' id='word_1_377' title='bbox 447 3255 662 3314; x_wconf 81' lang='lat' dir='ltr'><strong>desunt,</strong></span> <span class='ocrx_word' id='word_1_378' title='bbox 718 3271 779 3307; x_wconf 88' lang='lat' dir='ltr'><strong>vt</strong></span> <span class='ocrx_word' id='word_1_379' title='bbox 825 3251 971 3326; x_wconf 78' lang='lat' dir='ltr'><strong>apud</strong></span> <span class='ocrx_word' id='word_1_380' title='bbox 1013 3258 1137 3309; x_wconf 88' lang='lat' dir='ltr'><strong>Ter.</strong></span> <span class='ocrx_word' id='word_1_381' title='bbox 1184 3255 1453 3307; x_wconf 86' lang='lat' dir='ltr'><strong>Thrasoni</strong></span> <span class='ocrx_word' id='word_1_382' title='bbox 1493 3258 1634 3309; x_wconf 89' lang='lat' dir='ltr'><strong>Eun.</strong></span> <span class='ocrx_word' id='word_1_383' title='bbox 1662 3276 1708 3318; x_wconf 84' lang='lat'><strong>3.</strong></span> <span class='ocrx_word' id='word_1_384' title='bbox 1743 3276 1783 3308; x_wconf 84' lang='lat'><strong>1.</strong></span> <span class='ocrx_word' id='word_1_385' title='bbox 1812 3276 1888 3318; x_wconf 83' lang='grc' dir='ltr'><strong>ις.</strong></span> <span class='ocrx_word' id='word_1_386' title='bbox 1931 3276 2007 3306; x_wconf 76' lang='lat' dir='ltr'><strong>re-</strong></span> 
     </span>
     <span class='ocr_line' id='line_1_44' title="bbox 233 3325 2007 3410; baseline -0.003 -29"><span class='ocrx_word' id='word_1_387' title='bbox 233 3325 499 3410; x_wconf 74' lang='lat' dir='ltr'><strong>quiescere</strong></span> <span class='ocrx_word' id='word_1_388' title='bbox 531 3328 628 3382; x_wconf 77' lang='lat' dir='ltr'><strong>vbi</strong></span> <span class='ocrx_word' id='word_1_389' title='bbox 659 3329 884 3385; x_wconf 68' lang='lat' dir='ltr'><strong>volebat</strong></span> <span class='ocrx_word' id='word_1_390' title='bbox 920 3368 933 3385; x_wconf 80' lang='lat'><strong>.</strong></span> <span class='ocrx_word' id='word_1_391' title='bbox 965 3367 976 3383; x_wconf 89' lang='lat'><strong>.</strong></span> <span class='ocrx_word' id='word_1_392' title='bbox 1004 3367 1017 3381; x_wconf 93' lang='lat'><strong>.</strong></span> <span class='ocrx_word' id='word_1_393' title='bbox 1055 3325 1203 3404; x_wconf 75' lang='lat' dir='ltr'><strong>quast</strong></span> <span class='ocrx_word' id='word_1_394' title='bbox 1242 3366 1254 3380; x_wconf 95' lang='lat'><strong>.</strong></span> <span class='ocrx_word' id='word_1_395' title='bbox 1277 3366 1290 3380; x_wconf 92' lang='lat'><strong>.</strong></span> <span class='ocrx_word' id='word_1_396' title='bbox 1320 3366 1332 3379; x_wconf 92' lang='lat'><strong>.</strong></span> <span class='ocrx_word' id='word_1_397' title='bbox 1368 3347 1438 3381; x_wconf 85' lang='lat' dir='ltr'><strong>no</strong></span> <span class='ocrx_word' id='word_1_398' title='bbox 1469 3331 1589 3383; x_wconf 74' lang='lat' dir='ltr'><strong>tin?</strong></span> <span class='ocrx_word' id='word_1_399' title='bbox 1661 3329 1890 3399; x_wconf 84' lang='lat' dir='ltr'><strong>Pyrgop.</strong></span> <span class='ocrx_word' id='word_1_400' title='bbox 1932 3326 2007 3377; x_wconf 85' lang='lat' dir='ltr'><strong>di-</strong></span> 
     </span>
    </p>
   </div>
   <div class='ocr_carea' id='block_1_7' title="bbox 776 3430 796 3453">
    <p class='ocr_par' dir='ltr' id='par_1_8' title="bbox 776 3430 796 3453">
     <span class='ocr_line' id='line_1_45' title="bbox 776 3430 796 3453; baseline 0 0"><span class='ocrx_word' id='word_1_401' title='bbox 776 3430 796 3453; x_wconf 70' lang='lat'>0</span> 
     </span>
    </p>
   </div>
  </div>
 </body>
</html>
