2144 3554
265 177 378 236 ¹7:24
731 172 734 175 ’
879 197 882 203 v
959 179 1029 223 lN
1087 180 1333 228 212113101

254 313 533 388 pistrinum
563 344 631 354 ··“·
685 308 761 379 ¹9·
809 310 1149 388 ⁶0¹⁷²Pa¹⁷²ffiff
1190 314 1576 384 compamuerit
1614 350 1686 361 --
1745 332 1822 376 fr·
1845 322 2018 401 salua

255 412 342 443 res
371 389 474 464 est!
501 391 563 438 h,
585 389 620 436 l.
651 384 883 436 dolentis
911 388 1102 436 verba:
1141 390 1351 456 egregie
1381 391 1630 458 quidem!
1655 424 1724 433 -—-
1767 414 1846 447 22.
1866 395 2014 473 sym-

253 464 408 514 bolas
453 456 797 510 conferebant
843 457 1126 506 communi
1167 457 1341 508 sumtu
1387 465 1692 523 coenaturi;
1756 466 1847 516 hic
1884 462 2014 521 ver}J

249 533 479 603 scapulis
516 533 721 579 iocatur
748 542 1000 585 coenam,
1038 529 1257 578 verbera
1292 532 1490 597 parari,
1528 535 1634 585 fine
1674 534 1853 587 sumtu
1899 537 2010 598 suo,

251 607 353 662 ita,
395 614 455 652 vt
497 600 731 667 adcipiat
763 595 960 653 modo,
1002 599 1141 647 nihil
1169 597 1407 652 conferat
1431 631 1502 641 —-
1546 622 1625 668 ²9·
1660 603 2013 726 mssiculabas

247 677 431 726 cre‘b'ro
482 671 730 722 mittebas
765 695 834 704 -—-
902 685 982 728 30.
1029 687 1164 717 cara
1215 669 1289 744 ‘st
1332 675 1498 722 cordi.
1571 675 1662 726 Sic
1738 680 1822 728 ¹er.
1867 681 2008 731 Eun.

223 761 294 797 .1.
328 765 370 795 z.
403 761 514 794 ιιι.
554 756 729 810 neque
771 753 896 787 meo
931 738 1082 787 cordi
1110 739 1209 788 effe
1245 758 1568 813 quemquam
1611 750 1867 798 cariorem
1903 752 2012 802 hoc

240 810 526 868 Phaedria!
559 841 643 850 ’““
695 827 773 870 30·
819 826 899 868 3¹·
940 809 1123 877 qu⁰dfi
1170 810 1397 862 elabsufl'
1429 817 1687 881 Paulatim
1755 819 2008 873 fidicinae

239 888 452 937 animus
494 895 638 939 tuus,
679 881 890 947 alioque
927 881 1208 930 translatus
1237 880 1324 939 est,
1360 887 1492 951 quid
1526 889 1728 946 retulit,
1765 892 1910 959 quod
1935 923 2005 932 --

239 977 321 1019 33.
353 974 450 1025 pro
479 956 734 1004 hominem
762 967 884 999 cum
909 950 1174 1002 Palmerio
1201 952 1564 1022 Scioppioque
1595 957 1751 1023 ‘posui
1773 963 2000 1015 homini·

234 1029 352 1079 Nec
377 1024 532 1076 ausus
558 1024 679 1074 effet
706 1021 886 1071 seruus
920 1023 1116 1071 herum
1149 1022 1482 1091 praesentem
1515 1043 1704 1078 vocare
1730 1033 2001 1096 ingratum
2084 1079 2101 1084 ό

232 1100 511 1154 hominem,
556 1110 657 1143 nec
685 1094 743 1142 id
765 1094 913 1162 quod
938 1092 1134 1143 deinde
1167 1092 1324 1145 facile
1362 1096 1529 1162 pollet
1556 1100 1823 1165 explicari.
1875 1104 1999 1163 Sed,

231 1184 296 1220 vt
329 1168 473 1237 apud
504 1168 626 1216 Ter.
654 1165 795 1213 Eun.
825 1181 867 1223 3.
906 1181 945 1214 1.
977 1182 1020 1223 ς.
1055 1175 1121 1213 vt
1144 1175 1311 1230 grata
1336 1165 1612 1240 mihistnt
1638 1170 1734 1222 est:
1774 1175 1999 1240 gratiam

227 1242 369 1292 mihi
399 1239 710 1293 concilient,
754 1246 806 1283 et
832 1236 1024 1284 Heaut.
1049 1254 1090 1284 ².
1122 1253 1165 1284 2.
1200 1255 1278 1286 21.
1317 1243 1486 1304 quuml
1505 1251 1723 1304 gratum
1749 1245 1876 1292 mihi
1899 1242 1999 1320 ‘z’ff‘’

225 1313 413 1379 potuit
450 1311 675 1378 gratiam
710 1308 873 1375 patris
899 1307 1211 1364 conciliare,
1249 1319 1302 1357 et
1330 1308 1502 1361 Plaut.
1530 1312 1724 1380 Amph.
1751 1314 1887 1365 Prol.
1908 1324 1992 1378 48.

223 1394 444 1449 gratum
472 1376 572 1458 effe
599 1379 657 1427 id
685 1396 717 1425 a
742 1378 902 1426 vobis
916 1374 1031 1448 sibi
1055 1391 1202 1446 grato
1231 1381 1413 1428 animo
1447 1379 1503 1428 id
1540 1397 1568 1429 a
1603 1385 1761 1433 vobis
1793 1385 1991 1455 adcipi‚

223 1455 293 1503 lic
339 1455 465 1502 Ter.
511 1452 704 1499 Heaut.
741 1466 782 1505 ς.
813 1466 854 1497 1.
883 1450 965 1496 61.
1022 1448 1294 1515 ignosces,
1356 1460 1409 1499 et
1456 1452 1514 1500 id
1558 1455 1861 1518 ingratum,
1921 1475 1992 1507 ne

221 1527 417 1592 gratia-
457 1520 678 1589 quidem
715 1517 857 1566 filius
892 1518 1130 1575 habebit,
1168 1530 1222 1566 et
1261 1519 1437 1572 nostro
1476 1521 1738 1590 Epidicus
1778 1528 1898 1577 loco
1930 1543 1991 1580 vt

220 1594 540 1645 sententiam
586 1587 818 1660 profert:
870 1587 1126 1638 miserum
1175 1589 1304 1648 effe,
1360 1592 1421 1640 id
1465 1595 1611 1661 quod
1632 1588 1793 1667 facis
1840 1598 1984 1658 bene,

204 1669 490 1731 ingratum
518 1658 618 1736 sse
643 1661 848 1710 homini
883 1661 919 1709 i.
941 1675 986 1710 e.
1025 1675 1140 1709 non
1170 1662 1364 1718 valere,
1403 1661 1470 1711 ad
1492 1667 1625 1721 eiua,
1663 1669 1754 1715 cui
1778 1666 1985 1728 feceris,

215 1739 439 1805 gratiam
463 1732 857 1784 conciliandam
892 1759 964 1768 —-
1008 1748 1088 1792 35.
1119 1729 1438 1801 desipiebant
1464 1737 1656 1785 mentis
1690 1739 1747 1786 in
1783 1754 1986 1799 mente,

211 1819 297 1857 vt:
348 1806 640 1858 excruciari
682 1802 849 1851 animi
881 1813 982 1851 ete.
1028 1829 1099 1839 --
1156 1808 1236 1862 36.
1272 1822 1420 1854 mene
1453 1807 1784 1870 piacularem
1827 1813 1983 1860 victi-

197 1896 357 1929 ·mam
391 1881 426 1929 i.
448 1893 492 1927 e.
529 1878 621 1946 qui
646 1875 817 1925 aliena
849 1874 986 1922 mala
1012 1869 1316 1940 suodpiam,
1354 1885 1506 1924 tuam
1532 1876 1805 1928 stultitiam
1830 1894 1982 1951 tergo

208 1951 356 1999 luam
398 1964 521 1998 meo
557 1976 628 1984 -
680 1962 757 2003 3⁷·
772 1939 1164 2016 subclclamum
1183 1939 1400 2019 subdas
1439 1960 1501 1998 vt
1541 1951 1727 2000 meum
1766 1964 1978 2020 tergum

207 2035 357 2071 tuam
389 2021 603 2088 culpam
650 2014 911 2065 sustinere
950 2016 1082 2064 sinas
1109 2044 1177 2053 —
1219 2022 1298 2075 38.
1336 2018 1461 2066 huic
1491 2019 1696 2069 homini
1740 2023 1880 2071 mihi
1905 2052 1976 2065 -—-·

205 2109 288 2155 39.
339 2093 500 2142 minis
540 2087 736 2138 calidis
786 2101 922 2154 quae
974 2085 1080 2135 fine
1131 2103 1283 2136 mora
1330 2089 1692 2140 iuueniendae
1748 2092 1868 2144 sunt
1905 2124 1974 2135 --

200 2179 285 2226 41.
324 2164 470 2213 vnde
501 2161 630 2210 libet
666 2157 913 2207 tribuunt
944 2153 1300 2214 Chaeribulo,
1336 2161 1520 2209 minus
1554 2175 1714 2220 recte,
1755 2166 1972 2233 opinor.

198 2252 250 2282 v.
279 2251 360 2292 41.
389 2250 472 2295 42·
514 2229 886 2296 Stratippoclis
934 2228 1098 2277 verba
1135 2226 1261 2278 sunt
1299 2229 1365 2278 ad
1404 2230 1697 2299 Epidicum
1733 2232 1969 2296 seruum,

196 2306 343 2354 vnde
391 2303 523 2353 libet
557 2301 938 2367 vndecumque
975 2311 1122 2367 petat
1171 2301 1325 2355 licet,
1386 2302 1636 2353 inuenias
1690 2305 1856 2357 modo
1898 2336 1969 2346 -—

195 2389 318 2425 ante
338 2369 516 2450 solem
548 2365 808 2444 obcursum,
850 2383 1137 2439 antequam
1167 2368 1242 2421 sol
1276 2372 1507 2423 obttidat.
1550 2374 1700 2424 Men.
1736 2393 1780 2437 ς.
1807 2395 1852 2437 7.
1882 2396 1964 2438 33.

194 2446 290 2496 est:
325 2446 390 2494 ad
421 2444 583 2496 solem
613 2440 863 2494 obcasum
885 2469 956 2478 --
995 2441 1096 2499 elo,
1128 2443 1245 2501 ἕλω,
1281 2459 1492 2509 cepero.
1549 2445 1786 2512 Quidam
1815 2449 1966 2499 eloco

187 2535 286 2586 pro
315 2517 483 2574 illico,
519 2515 610 2564 alii
645 2514 814 2562 eloces
849 2511 997 2580 quod
1020 2513 1203 2562 Lamb.
1241 2514 1498 2581 explicat:
1540 2532 1602 2565 ex
1631 2518 1810 2586 aliquo
1840 2520 1962 2569 loco

190 2604 371 2648 eruas;
414 2587 648 2637 Acidal.:
700 2583 967 2632 conducas
1003 2611 1073 2620 ——
1125 2599 1209 2645 4²·
1250 2602 1315 2632 ne
1350 2586 1555 2636 inbitas
1590 2589 1773 2645 intres,
1808 2600 1869 2638 tu
1905 2601 1961 2639 te

188 2662 243 2708 in
274 2657 557 2733 pistrinum
596 2667 739 2706 recta
777 2651 974 2702 inferas
999 2682 1069 2691 —
1119 2670 1203 2714 44.
1240 2657 1367 2704 noui
1398 2674 1494 2722 ego
1529 2676 1600 2706 no
1629 2671 1746 2708 cros
1786 2662 1956 2729 virga-

185 2742 422 2781 toresf-
458 2736 541 2792 48.
574 2743 656 2790 49.
689 2726 876 2792 aliqua
905 2725 1009 2782 via,
1046 2726 1258 2774 ratione
1284 2727 1608 2791 repet-ibitur
1642 2731 1955 2797 reperietur,

186 2802 323 2869 quid
377 2800 442 2850 de
495 2799 582 2847 illa
632 2795 724 2844 fiat
770 2790 1045 2869 exsoluam
1101 2812 1216 2851 me,
1278 2799 1590 2849 extricabor
1638 2802 1672 2849 i.
1703 2818 1753 2868 q.
1805 2800 1872 2851 sc.
1910 2821 1950 2852 ῐ.

182 2889 234 2920 v.
264 2888 343 2934 79.
405 2869 719 2938 expeditum
775 2883 863 2915 me
909 2883 973 2915 ex
1034 2866 1279 2934 inpedito
1338 2867 1550 2920 faciam.
1662 2870 1953 2922 vendenda

180 2943 383 3010 quippe
416 2940 635 2989 fidicina
675 2938 964 3006 pecuniam
1003 2939 1323 2987 inuenturus
1362 2938 1430 2986 est
1465 2939 1532 2989 ad
1570 2939 1825 2992 (lanistam
1864 2944 1953 2993 ab-

176 3011 501 3062 solue-ndum
534 3038 606 3047 —-—-
658 3027 739 3071 55.
777 3010 912 3057 diem
954 3008 1219 3058 luculente
1243 3008 1539 3059 habeamus
1573 3012 1607 3060 i.
1631 3029 1680 3080 q.
1715 3013 1948 3064 hilarum

175 3085 328 3134 hunc
374 3082 646 3132 sumamus
697 3079 861 3130 diem.
909 3079 1034 3129 Ter.
1062 3078 1158 3129 Ad.
1188 3097 1231 3127 2.
1256 3097 1305 3140 4.
1340 3097 1419 3140 ²3·
1465 3100 1555 3117 —-‘
1591 3084 1667 3138 56.
1736 3097 1949 3135 enatum

177 3155 487 3214 commeabo
526 3154 580 3202 in
619 3152 781 3210 corde
815 3147 1172 3220 consiliarium
1214 3149 1419 3199 iocose:
1470 3168 1670 3218 perpen
1712 3172 1795 3203 am
1836 3173 1946 3204 me-

175 3243 329 3282 cum,
386 3241 548 3294 quam
587 3222 855 3270 rationem
904 3223 1068 3271 huius
1112 3220 1193 3269 rei
1240 3221 1604 3287 expediendae
1657 3226 1939 3294 ingrediar.

174 3297 261 3351 Sic
297 3295 448 3347 Most.
477 3311 524 3357 3.
558 3310 601 3343 ι.
638 3309 748 3355 157.
806 3290 1052 3342 senatum
1103 3291 1307 3343 confilii
1351 3294 1410 3339 in
1460 3309 1553 3345 σοι·
1608 3296 1940 3348 conuocabo.
