<?xml version="1.0" encoding="UTF-8"?>
<!DOCTYPE html PUBLIC "-//W3C//DTD XHTML 1.0 Transitional//EN"
    "http://www.w3.org/TR/xhtml1/DTD/xhtml1-transitional.dtd">
<html xmlns="http://www.w3.org/1999/xhtml" xml:lang="en" lang="en">
 <head>
  <title>
</title>
<meta http-equiv="Content-Type" content="text/html;charset=utf-8" />
  <meta name='ocr-system' content='tesseract 3.04.00' />
  <meta name='ocr-capabilities' content='ocr_page ocr_carea ocr_par ocr_line ocrx_word'/>
</head>
<body>
  <div class='ocr_page' id='page_1' title='image "./commentariusperp01plauuoft_0166.png"; bbox 0 0 2144 3554; ppageno 0'>
   <div class='ocr_carea' id='block_1_1' title="bbox 317 26 2144 202">
    <p class='ocr_par' dir='ltr' id='par_1_1' title="bbox 317 26 2144 221">
     <span class='ocr_line' id='line_1_1' title="bbox 2108 26 2144 58; baseline 0 -20"><span class='ocrx_word' id='word_1_1' title='bbox 2108 26 2144 58; x_wconf 53' lang='lat' dir='ltr'>v,-</span> 
     </span>
     <span class='ocr_line' id='line_1_2' title="bbox 317 130 2144 202; baseline 0.004 -16"><span class='ocrx_word' id='word_1_2' title='bbox 317 130 431 187; x_wconf 78' lang='lat'>160</span> <span class='ocrx_word' id='word_1_3' title='bbox 992 144 1060 188; x_wconf 73' lang='lat' dir='ltr'>m</span> <span class='ocrx_word' id='word_1_4' title='bbox 1118 146 1395 202; x_wconf 60' lang='lat' dir='ltr'>casuue·</span> <span class='ocrx_word' id='word_1_5' title='bbox 2002 137 2008 143; x_wconf 85' lang='lat'><strong><em>‘</em></strong></span> <span class='ocrx_word' id='word_1_6' title='bbox 2132 155 2144 199; x_wconf 63' lang='lat'><em>2</em></span> 
     </span>
    </p>
   </div>
   <div class='ocr_carea' id='block_1_2' title="bbox 644 236 1748 339">
    <p class='ocr_par' dir='ltr' id='par_1_2' title="bbox 644 236 1748 339">
     <span class='ocr_line' id='line_1_3' title="bbox 644 236 1748 339; baseline 0.007 -9"><span class='ocrx_word' id='word_1_7' title='bbox 644 277 731 330; x_wconf 86' lang='lat' dir='ltr'>IN</span> <span class='ocrx_word' id='word_1_8' title='bbox 787 277 1058 331; x_wconf 87' lang='lat' dir='ltr'>ACTVS</span> <span class='ocrx_word' id='word_1_9' title='bbox 1105 276 1167 330; x_wconf 89' lang='lat' dir='ltr'>V.</span> <span class='ocrx_word' id='word_1_10' title='bbox 1241 236 1593 333; x_wconf 39' lang='lat' dir='ltr'>SCENAM</span> <span class='ocrx_word' id='word_1_11' title='bbox 1641 283 1748 339; x_wconf 90' lang='lat'>111.</span> 
     </span>
    </p>
   </div>
   <div class='ocr_carea' id='block_1_3' title="bbox 308 346 2144 713">
    <p class='ocr_par' dir='ltr' id='par_1_3' title="bbox 308 346 2144 640">
     <span class='ocr_line' id='line_1_4' title="bbox 331 346 2144 421; baseline 0.009 -23"><span class='ocrx_word' id='word_1_12' title='bbox 331 404 333 411; x_wconf 31' lang='lat'><strong>¹</strong></span> <span class='ocrx_word' id='word_1_13' title='bbox 409 347 580 400; x_wconf 83' lang='lat' dir='ltr'>Versu</span> <span class='ocrx_word' id='word_1_14' title='bbox 608 367 629 411; x_wconf 49' lang='grc' dir='ltr'>ιι</span> <span class='ocrx_word' id='word_1_15' title='bbox 646 351 714 410; x_wconf 80' lang='lat' dir='ltr'>ad</span> <span class='ocrx_word' id='word_1_16' title='bbox 738 368 811 410; x_wconf 78' lang='grc' dir='ltr'>ις.</span> <span class='ocrx_word' id='word_1_17' title='bbox 852 351 1074 407; x_wconf 88' lang='lat' dir='ltr'>Stalino‚</span> <span class='ocrx_word' id='word_1_18' title='bbox 1102 347 1200 419; x_wconf 85' lang='lat' dir='ltr'>qui</span> <span class='ocrx_word' id='word_1_19' title='bbox 1223 351 1523 420; x_wconf 84' lang='lat' dir='ltr'>praesentes</span> <span class='ocrx_word' id='word_1_20' title='bbox 1550 373 1662 407; x_wconf 88' lang='lat' dir='ltr'>non</span> <span class='ocrx_word' id='word_1_21' title='bbox 1691 359 1857 418; x_wconf 89' lang='lat' dir='ltr'>videt,</span> <span class='ocrx_word' id='word_1_22' title='bbox 1883 359 2080 421; x_wconf 78' lang='lat' dir='ltr'>secum.</span> <span class='ocrx_word' id='word_1_23' title='bbox 2126 346 2144 414; x_wconf 66' lang='lat' dir='ltr'>l</span> 
     </span>
     <span class='ocr_line' id='line_1_5' title="bbox 308 419 2144 500; baseline 0.008 -28"><span class='ocrx_word' id='word_1_24' title='bbox 308 419 472 472; x_wconf 81' lang='lat' dir='ltr'>Versu</span> <span class='ocrx_word' id='word_1_25' title='bbox 507 419 727 483; x_wconf 81' lang='lat' dir='ltr'>demum</span> <span class='ocrx_word' id='word_1_26' title='bbox 764 423 820 470; x_wconf 90' lang='lat'>16</span> <span class='ocrx_word' id='word_1_27' title='bbox 863 423 928 470; x_wconf 88' lang='lat' dir='ltr'>ab</span> <span class='ocrx_word' id='word_1_28' title='bbox 962 422 1292 488; x_wconf 19' lang='lat' dir='ltr'>Oylympione</span> <span class='ocrx_word' id='word_1_29' title='bbox 1322 422 1625 485; x_wconf 80' lang='lat' dir='ltr'>reuocatur‚</span> <span class='ocrx_word' id='word_1_30' title='bbox 1658 427 1841 497; x_wconf 86' lang='lat' dir='ltr'>fugam</span> <span class='ocrx_word' id='word_1_31' title='bbox 1869 427 2079 500; x_wconf 56' lang='lat' dir='ltr'>parans}b</span> <span class='ocrx_word' id='word_1_32' title='bbox 2138 425 2144 428; x_wconf 43' lang='grc'><strong>’</strong></span> 
     </span>
     <span class='ocr_line' id='line_1_6' title="bbox 414 486 2083 562; baseline 0.01 -22"><span class='ocrx_word' id='word_1_33' title='bbox 414 511 474 555; x_wconf 82' lang='lat'>.¹·.</span> <span class='ocrx_word' id='word_1_34' title='bbox 501 492 669 543; x_wconf 83' lang='lat' dir='ltr'>ardeo</span> <span class='ocrx_word' id='word_1_35' title='bbox 688 486 924 562; x_wconf 81' lang='lat' dir='ltr'>flagitio</span> <span class='ocrx_word' id='word_1_36' title='bbox 959 491 1231 561; x_wconf 63' lang='lat' dir='ltr'>flagitium</span> <span class='ocrx_word' id='word_1_37' title='bbox 1267 507 1357 543; x_wconf 82' lang='lat' dir='ltr'>me</span> <span class='ocrx_word' id='word_1_38' title='bbox 1381 498 1691 548; x_wconf 75' lang='lat' dir='ltr'>commisisse</span> <span class='ocrx_word' id='word_1_39' title='bbox 1724 498 1879 553; x_wconf 85' lang='lat' dir='ltr'>doleo</span> <span class='ocrx_word' id='word_1_40' title='bbox 1918 509 2083 556; x_wconf 87' lang='lat' dir='ltr'>maxi-</span> 
     </span>
     <span class='ocr_line' id='line_1_7' title="bbox 309 562 2144 640; baseline 0.019 -44"><span class='ocrx_word' id='word_1_41' title='bbox 309 572 462 612; x_wconf 75' lang='lat' dir='ltr'>mum</span> <span class='ocrx_word' id='word_1_42' title='bbox 483 573 553 600; x_wconf 87' lang='lat'>...·.</span> <span class='ocrx_word' id='word_1_43' title='bbox 588 571 662 613; x_wconf 77' lang='lat'>10,</span> <span class='ocrx_word' id='word_1_44' title='bbox 696 562 1070 620; x_wconf 61' lang='lat' dir='ltr'>ssa-Murrhina</span> <span class='ocrx_word' id='word_1_45' title='bbox 1111 565 1228 614; x_wconf 79' lang='lat' dir='ltr'>dux</span> <span class='ocrx_word' id='word_1_46' title='bbox 1261 580 1488 616; x_wconf 70' lang='lat' dir='ltr'>‘Uxorem</span> <span class='ocrx_word' id='word_1_47' title='bbox 1518 585 1695 626; x_wconf 82' lang='lat' dir='ltr'>meam</span> <span class='ocrx_word' id='word_1_48' title='bbox 1734 572 1950 640; x_wconf 89' lang='lat' dir='ltr'><strong>inpulit,</strong></span> <span class='ocrx_word' id='word_1_49' title='bbox 1986 576 2082 628; x_wconf 76' lang='lat' dir='ltr'>fal·</span> <span class='ocrx_word' id='word_1_50' title='bbox 2135 608 2144 631; x_wconf 64' lang='grc' dir='ltr'><strong>ι</strong></span> 
     </span>
    </p>

    <p class='ocr_par' dir='ltr' id='par_1_4' title="bbox 308 633 2079 713">
     <span class='ocr_line' id='line_1_8' title="bbox 308 633 2079 713; baseline 0.009 -32"><span class='ocrx_word' id='word_1_51' title='bbox 308 633 502 684; x_wconf 82' lang='lat' dir='ltr'>laciam</span> <span class='ocrx_word' id='word_1_52' title='bbox 524 634 865 702; x_wconf 85' lang='lat' dir='ltr'>excogitauit,</span> <span class='ocrx_word' id='word_1_53' title='bbox 890 634 1176 682; x_wconf 77' lang='lat' dir='ltr'>adiuuit—-</span> <span class='ocrx_word' id='word_1_54' title='bbox 1207 637 1285 686; x_wconf 80' lang='lat'>16..</span> <span class='ocrx_word' id='word_1_55' title='bbox 1301 638 1576 702; x_wconf 81' lang='lat' dir='ltr'><strong><em>protinam</em></strong></span> <span class='ocrx_word' id='word_1_56' title='bbox 1610 659 1662 690; x_wconf 85' lang='lat' dir='ltr'>V.</span> <span class='ocrx_word' id='word_1_57' title='bbox 1684 642 1842 695; x_wconf 84' lang='lat' dir='ltr'>Curc.</span> <span class='ocrx_word' id='word_1_58' title='bbox 1866 664 1909 695; x_wconf 85' lang='lat'>2.</span> <span class='ocrx_word' id='word_1_59' title='bbox 1930 664 1976 708; x_wconf 86' lang='lat'>3.</span> <span class='ocrx_word' id='word_1_60' title='bbox 1995 655 2079 713; x_wconf 86' lang='lat'>84.</span> 
     </span>
    </p>
   </div>
   <div class='ocr_carea' id='block_1_4' title="bbox 263 745 2144 3093">
    <p class='ocr_par' dir='ltr' id='par_1_5' title="bbox 648 745 1749 805">
     <span class='ocr_line' id='line_1_9' title="bbox 648 745 1749 805; baseline 0.005 -7"><span class='ocrx_word' id='word_1_61' title='bbox 648 747 738 798; x_wconf 92' lang='lat' dir='ltr'>IN</span> <span class='ocrx_word' id='word_1_62' title='bbox 802 745 1068 800; x_wconf 89' lang='lat' dir='ltr'><strong>ACTVS</strong></span> <span class='ocrx_word' id='word_1_63' title='bbox 1115 746 1174 799; x_wconf 84' lang='lat' dir='ltr'>V.</span> <span class='ocrx_word' id='word_1_64' title='bbox 1261 746 1600 801; x_wconf 87' lang='lat' dir='ltr'><strong>SCENAM</strong></span> <span class='ocrx_word' id='word_1_65' title='bbox 1653 752 1749 805; x_wconf 88' lang='lat' dir='ltr'>IV.</span> 
     </span>
    </p>

    <p class='ocr_par' dir='ltr' id='par_1_6' title="bbox 263 813 2144 3093">
     <span class='ocr_line' id='line_1_10' title="bbox 420 813 2082 891; baseline 0.007 -23"><span class='ocrx_word' id='word_1_66' title='bbox 420 835 463 870; x_wconf 82' lang='grc' dir='ltr'>ι.</span> <span class='ocrx_word' id='word_1_67' title='bbox 492 837 535 871; x_wconf 88' lang='lat'>2.</span> <span class='ocrx_word' id='word_1_68' title='bbox 566 821 814 880; x_wconf 75' lang='lat' dir='ltr'>3&#39;.&#39;Recte</span> <span class='ocrx_word' id='word_1_69' title='bbox 846 813 1062 868; x_wconf 80' lang='lat' dir='ltr'>Pistoris</span> <span class='ocrx_word' id='word_1_70' title='bbox 1101 818 1202 869; x_wconf 83' lang='lat' dir='ltr'>hos</span> <span class='ocrx_word' id='word_1_71' title='bbox 1235 826 1342 870; x_wconf 85' lang='lat' dir='ltr'>tres</span> <span class='ocrx_word' id='word_1_72' title='bbox 1380 821 1563 873; x_wconf 77' lang='lat' dir='ltr'>versus</span> <span class='ocrx_word' id='word_1_73' title='bbox 1601 823 1835 876; x_wconf 84' lang='lat' dir='ltr'>Chalino</span> <span class='ocrx_word' id='word_1_74' title='bbox 1871 827 2082 891; x_wconf 80' lang='lat' dir='ltr'><strong>tribuit,</strong></span> 
     </span>
     <span class='ocr_line' id='line_1_11' title="bbox 306 888 2081 961; baseline 0.001 -22"><span class='ocrx_word' id='word_1_75' title='bbox 306 888 498 942; x_wconf 87' lang='lat' dir='ltr'>habitu</span> <span class='ocrx_word' id='word_1_76' title='bbox 544 888 800 940; x_wconf 85' lang='lat' dir='ltr'>muliebri</span> <span class='ocrx_word' id='word_1_77' title='bbox 841 907 902 939; x_wconf 85' lang='lat' dir='ltr'>ex</span> <span class='ocrx_word' id='word_1_78' title='bbox 940 888 1161 939; x_wconf 84' lang='lat' dir='ltr'>aedibus</span> <span class='ocrx_word' id='word_1_79' title='bbox 1198 890 1443 941; x_wconf 83' lang='lat' dir='ltr'>Alcefimi</span> <span class='ocrx_word' id='word_1_80' title='bbox 1483 894 1802 961; x_wconf 76' lang='lat' dir='ltr'>prodeunti,</span> <span class='ocrx_word' id='word_1_81' title='bbox 1853 899 2081 957; x_wconf 86' lang='lat' dir='ltr'>Stalino..</span> 
     </span>
     <span class='ocr_line' id='line_1_12' title="bbox 304 958 2081 1041; baseline 0.006 -31"><span class='ocrx_word' id='word_1_82' title='bbox 304 970 558 1031; x_wconf 69' lang='lat' dir='ltr'>‘nemque‘</span> <span class='ocrx_word' id='word_1_83' title='bbox 600 961 881 1029; x_wconf 83' lang='lat' dir='ltr'>quaerenti</span> <span class='ocrx_word' id='word_1_84' title='bbox 912 961 1008 1010; x_wconf 79' lang='lat' dir='ltr'>vbi</span> <span class='ocrx_word' id='word_1_85' title='bbox 1040 971 1101 1010; x_wconf 82' lang='lat' dir='ltr'>tu</span> <span class='ocrx_word' id='word_1_86' title='bbox 1137 963 1231 1012; x_wconf 76' lang='lat' dir='ltr'>es?</span> <span class='ocrx_word' id='word_1_87' title='bbox 1260 987 1331 999; x_wconf 49' lang='grc' dir='ltr'>ω·-</span> <span class='ocrx_word' id='word_1_88' title='bbox 1365 981 1540 1013; x_wconf 78' lang='lat' dir='ltr'>mores</span> <span class='ocrx_word' id='word_1_89' title='bbox 1579 958 1937 1041; x_wconf 61' lang='lat' dir='ltr'>liidffiliergses</span> <span class='ocrx_word' id='word_1_90' title='bbox 1970 983 2081 1040; x_wconf 82' lang='lat' dir='ltr'>q&#39;uo</span> 
     </span>
     <span class='ocr_line' id='line_1_13' title="bbox 304 1030 2080 1108; baseline 0.005 -26"><span class='ocrx_word' id='word_1_91' title='bbox 304 1030 474 1083; x_wconf 71' lang='lat' dir='ltr'>sensu·</span> <span class='ocrx_word' id='word_1_92' title='bbox 499 1034 702 1083; x_wconf 85' lang='lat' dir='ltr'>Stalino</span> <span class='ocrx_word' id='word_1_93' title='bbox 744 1031 968 1082; x_wconf 78' lang='lat' dir='ltr'>dicatur·</span> <span class='ocrx_word' id='word_1_94' title='bbox 1002 1032 1200 1090; x_wconf 83' lang='lat' dir='ltr'>colere,</span> <span class='ocrx_word' id='word_1_95' title='bbox 1249 1047 1363 1082; x_wconf 84' lang='lat' dir='ltr'>non</span> <span class='ocrx_word' id='word_1_96' title='bbox 1407 1035 1583 1101; x_wconf 70' lang='lat' dir='ltr'>reperi</span> <span class='ocrx_word' id='word_1_97' title='bbox 1627 1053 1654 1085; x_wconf 85' lang='lat' dir='ltr'>a</span> <span class='ocrx_word' id='word_1_98' title='bbox 1693 1054 1965 1108; x_wconf 88' lang='lat' dir='ltr'>quoquam</span> <span class='ocrx_word' id='word_1_99' title='bbox 2006 1043 2080 1094; x_wconf 89' lang='lat' dir='ltr'>ita</span> 
     </span>
     <span class='ocr_line' id='line_1_14' title="bbox 307 1100 2141 1174; baseline 0.006 -21"><span class='ocrx_word' id='word_1_100' title='bbox 307 1104 535 1174; x_wconf 77' lang='lat' dir='ltr'>exponi,</span> <span class='ocrx_word' id='word_1_101' title='bbox 583 1116 670 1162; x_wconf 86' lang='lat' dir='ltr'>vt,</span> <span class='ocrx_word' id='word_1_102' title='bbox 720 1105 917 1173; x_wconf 88' lang='lat' dir='ltr'>quibus</span> <span class='ocrx_word' id='word_1_103' title='bbox 954 1100 1327 1161; x_wconf 66' lang='lat' dir='ltr'>Massilienses,</span> <span class='ocrx_word' id='word_1_104' title='bbox 1375 1108 1730 1172; x_wconf 78' lang='lat' dir='ltr'>prae&#39;ceteris</span> <span class='ocrx_word' id='word_1_105' title='bbox 1765 1110 2082 1164; x_wconf 74' lang='lat' dir='ltr'>ciuitatibus</span> <span class='ocrx_word' id='word_1_106' title='bbox 2137 1162 2141 1163; x_wconf 16' lang='grc' dir='ltr'><strong>ι</strong></span> 
     </span>
     <span class='ocr_line' id='line_1_15' title="bbox 306 1171 2078 1250; baseline 0.005 -25"><span class='ocrx_word' id='word_1_107' title='bbox 306 1176 505 1245; x_wconf 74' lang='lat' dir='ltr'>opibus</span> <span class='ocrx_word' id='word_1_108' title='bbox 536 1174 918 1232; x_wconf 82' lang='lat' dir='ltr'>adfluentibus,</span> <span class='ocrx_word' id='word_1_109' title='bbox 944 1171 1205 1225; x_wconf 85' lang='lat' dir='ltr'>diffamati</span> <span class='ocrx_word' id='word_1_110' title='bbox 1231 1173 1434 1225; x_wconf 85' lang='lat' dir='ltr'>fuerint</span> <span class='ocrx_word' id='word_1_111' title='bbox 1461 1177 1628 1236; x_wconf 82' lang='lat' dir='ltr'>vitiis,</span> <span class='ocrx_word' id='word_1_112' title='bbox 1658 1177 1787 1230; x_wconf 87' lang='lat' dir='ltr'>inde</span> <span class='ocrx_word' id='word_1_113' title='bbox 1812 1182 2078 1250; x_wconf 86' lang='lat' dir='ltr'>adpareat.</span> 
     </span>
     <span class='ocr_line' id='line_1_16' title="bbox 302 1243 2081 1322; baseline 0.005 -26"><span class='ocrx_word' id='word_1_114' title='bbox 302 1246 453 1296; x_wconf 87' lang='lat' dir='ltr'>Mihi</span> <span class='ocrx_word' id='word_1_115' title='bbox 484 1243 815 1315; x_wconf 77' lang='lat' dir='ltr'>quidem‘isti</span> <span class='ocrx_word' id='word_1_116' title='bbox 852 1264 1028 1295; x_wconf 77' lang='lat' dir='ltr'>mores</span> <span class='ocrx_word' id='word_1_117' title='bbox 1060 1263 1174 1295; x_wconf 89' lang='lat' dir='ltr'>non</span> <span class='ocrx_word' id='word_1_118' title='bbox 1217 1246 1283 1295; x_wconf 90' lang='lat' dir='ltr'>ab</span> <span class='ocrx_word' id='word_1_119' title='bbox 1319 1248 1449 1296; x_wconf 78' lang='lat' dir='ltr'>vrbe</span> <span class='ocrx_word' id='word_1_120' title='bbox 1480 1246 1738 1322; x_wconf 76' lang='lat' dir='ltr'>lklaffilia,</span> <span class='ocrx_word' id='word_1_121' title='bbox 1779 1248 1868 1301; x_wconf 81' lang='lat' dir='ltr'>fed</span> <span class='ocrx_word' id='word_1_122' title='bbox 1900 1254 2081 1306; x_wconf 86' lang='lat' dir='ltr'>iocose</span> 
     </span>
     <span class='ocr_line' id='line_1_17' title="bbox 303 1311 2141 1394; baseline 0.004 -26"><span class='ocrx_word' id='word_1_123' title='bbox 303 1329 334 1368; x_wconf 73' lang='lat' dir='ltr'>a</span> <span class='ocrx_word' id='word_1_124' title='bbox 367 1334 483 1367; x_wconf 85' lang='lat' dir='ltr'>mas</span> <span class='ocrx_word' id='word_1_125' title='bbox 519 1317 653 1375; x_wconf 86' lang='lat' dir='ltr'>dicti</span> <span class='ocrx_word' id='word_1_126' title='bbox 685 1317 942 1367; x_wconf 84' lang='lat' dir='ltr'>videntur</span> <span class='ocrx_word' id='word_1_127' title='bbox 978 1311 1347 1391; x_wconf 79' lang='lat' dir='ltr'>Maffilienses.</span> <span class='ocrx_word' id='word_1_128' title='bbox 1422 1318 1619 1370; x_wconf 61' lang='lat' dir='ltr'>Sensus*</span> <span class='ocrx_word' id='word_1_129' title='bbox 1650 1321 1818 1390; x_wconf 86' lang='lat' dir='ltr'>igitur</span> <span class='ocrx_word' id='word_1_130' title='bbox 1852 1323 1948 1374; x_wconf 84' lang='lat' dir='ltr'>est:</span> <span class='ocrx_word' id='word_1_131' title='bbox 1986 1327 2101 1394; x_wconf 68' lang='lat' dir='ltr'>qui*</span> <span class='ocrx_word' id='word_1_132' title='bbox 2136 1322 2141 1327; x_wconf 48' lang='lat'><strong><em>⁴</em></strong></span> 
     </span>
     <span class='ocr_line' id='line_1_18' title="bbox 299 1386 2124 1455; baseline 0.005 -15"><span class='ocrx_word' id='word_1_133' title='bbox 299 1396 396 1446; x_wconf 72' lang='lat' dir='ltr'>{eos</span> <span class='ocrx_word' id='word_1_134' title='bbox 445 1402 621 1439; x_wconf 85' lang='lat' dir='ltr'>mores</span> <span class='ocrx_word' id='word_1_135' title='bbox 664 1389 840 1439; x_wconf 87' lang='lat' dir='ltr'>colere</span> <span class='ocrx_word' id='word_1_136' title='bbox 885 1386 1144 1455; x_wconf 67' lang='lat' dir='ltr'>postulae,</span> <span class='ocrx_word' id='word_1_137' title='bbox 1201 1400 1260 1435; x_wconf 78' lang='lat' dir='ltr'>vt</span> <span class='ocrx_word' id='word_1_138' title='bbox 1303 1404 1402 1455; x_wconf 87' lang='lat' dir='ltr'>pro</span> <span class='ocrx_word' id='word_1_139' title='bbox 1444 1387 1648 1440; x_wconf 87' lang='lat' dir='ltr'>femina</span> <span class='ocrx_word' id='word_1_140' title='bbox 1694 1410 1811 1442; x_wconf 79' lang='lat' dir='ltr'>mas</span> <span class='ocrx_word' id='word_1_141' title='bbox 1847 1394 2080 1448; x_wconf 86' lang='lat' dir='ltr'>ducatur</span> <span class='ocrx_word' id='word_1_142' title='bbox 2118 1403 2124 1412; x_wconf 93' lang='lat'>&#39;</span> 
     </span>
     <span class='ocr_line' id='line_1_19' title="bbox 299 1456 2081 1530; baseline 0.005 -20"><span class='ocrx_word' id='word_1_143' title='bbox 299 1470 450 1517; x_wconf 75' lang='lat' dir='ltr'>vxor,</span> <span class='ocrx_word' id='word_1_144' title='bbox 492 1476 599 1529; x_wconf 89' lang='lat' dir='ltr'>quo</span> <span class='ocrx_word' id='word_1_145' title='bbox 636 1460 828 1509; x_wconf 87' lang='lat' dir='ltr'>eodem</span> <span class='ocrx_word' id='word_1_146' title='bbox 870 1456 1023 1509; x_wconf 86' lang='lat' dir='ltr'>sensu</span> <span class='ocrx_word' id='word_1_147' title='bbox 1059 1458 1318 1510; x_wconf 75' lang='lat' dir='ltr'>Chalinus</span> <span class='ocrx_word' id='word_1_148' title='bbox 1351 1479 1394 1519; x_wconf 81' lang='lat'>3·</span> <span class='ocrx_word' id='word_1_149' title='bbox 1426 1479 1465 1510; x_wconf 85' lang='grc' dir='ltr'>ι.</span> <span class='ocrx_word' id='word_1_150' title='bbox 1491 1470 1540 1510; x_wconf 67' lang='lat' dir='ltr'>t».</span> <span class='ocrx_word' id='word_1_151' title='bbox 1578 1465 1870 1530; x_wconf 83' lang='lat' dir='ltr'>vocabatur</span> <span class='ocrx_word' id='word_1_152' title='bbox 1903 1483 2081 1519; x_wconf 77' lang='lat' dir='ltr'>nouus</span> 
     </span>
     <span class='ocr_line' id='line_1_20' title="bbox 301 1528 2076 1609; baseline 0.004 -30"><span class='ocrx_word' id='word_1_153' title='bbox 301 1542 523 1597; x_wconf 80' lang='lat' dir='ltr'>nuptus.</span> <span class='ocrx_word' id='word_1_154' title='bbox 608 1528 897 1580; x_wconf 86' lang='lat' dir='ltr'>Eiusmodi</span> <span class='ocrx_word' id='word_1_155' title='bbox 941 1530 1050 1579; x_wconf 88' lang='lat' dir='ltr'>fere</span> <span class='ocrx_word' id='word_1_156' title='bbox 1099 1531 1282 1578; x_wconf 81' lang='lat' dir='ltr'>iocum</span> <span class='ocrx_word' id='word_1_157' title='bbox 1323 1533 1558 1597; x_wconf 82' lang='lat' dir='ltr'>reperies</span> <span class='ocrx_word' id='word_1_158' title='bbox 1592 1533 1744 1602; x_wconf 88' lang='lat' dir='ltr'>Capt.</span> <span class='ocrx_word' id='word_1_159' title='bbox 1779 1554 1818 1586; x_wconf 90' lang='grc' dir='ltr'>ι.</span> <span class='ocrx_word' id='word_1_160' title='bbox 1848 1555 1892 1587; x_wconf 88' lang='grc'>2.</span> <span class='ocrx_word' id='word_1_161' title='bbox 1923 1556 1979 1597; x_wconf 78' lang='grc' dir='ltr'>ς7</span> <span class='ocrx_word' id='word_1_162' title='bbox 1998 1537 2076 1609; x_wconf 89' lang='lat' dir='ltr'>sq.</span> 
     </span>
     <span class='ocr_line' id='line_1_21' title="bbox 300 1596 2079 1674; baseline 0.003 -23"><span class='ocrx_word' id='word_1_163' title='bbox 300 1603 397 1652; x_wconf 77' lang='lat' dir='ltr'>vbi</span> <span class='ocrx_word' id='word_1_164' title='bbox 437 1601 566 1651; x_wconf 82' lang='lat' dir='ltr'>vide</span> <span class='ocrx_word' id='word_1_165' title='bbox 600 1612 754 1662; x_wconf 87' lang='lat' dir='ltr'>notas</span> <span class='ocrx_word' id='word_1_166' title='bbox 786 1627 857 1639; x_wconf 82' lang='lat'>—-</span> <span class='ocrx_word' id='word_1_167' title='bbox 905 1596 1273 1674; x_wconf 81' lang='lat' dir='ltr'>2.subicitare</span> <span class='ocrx_word' id='word_1_168' title='bbox 1307 1602 1342 1650; x_wconf 91' lang='lat' dir='ltr'>i.</span> <span class='ocrx_word' id='word_1_169' title='bbox 1367 1618 1417 1669; x_wconf 88' lang='lat' dir='ltr'>q.</span> <span class='ocrx_word' id='word_1_170' title='bbox 1453 1601 1740 1672; x_wconf 81' lang='lat' dir='ltr'>subigitare</span> <span class='ocrx_word' id='word_1_171' title='bbox 1766 1634 1838 1644; x_wconf 90' lang='lat'>--</span> <span class='ocrx_word' id='word_1_172' title='bbox 1872 1625 1922 1668; x_wconf 87' lang='lat'>4.</span> <span class='ocrx_word' id='word_1_173' title='bbox 1949 1606 2079 1663; x_wconf 81' lang='lat' dir='ltr'>licet</span> 
     </span>
     <span class='ocr_line' id='line_1_22' title="bbox 300 1668 2076 1749; baseline 0.006 -27"><span class='ocrx_word' id='word_1_174' title='bbox 300 1672 365 1722; x_wconf 76' lang='lat' dir='ltr'>ad</span> <span class='ocrx_word' id='word_1_175' title='bbox 386 1668 646 1749; x_wconf 75' lang='lat' dir='ltr'>scaenam</span> <span class='ocrx_word' id='word_1_176' title='bbox 695 1671 905 1723; x_wconf 85' lang='lat' dir='ltr'>audiret</span> <span class='ocrx_word' id='word_1_177' title='bbox 953 1672 1143 1721; x_wconf 85' lang='lat' dir='ltr'>latrare</span> <span class='ocrx_word' id='word_1_178' title='bbox 1193 1687 1408 1731; x_wconf 80' lang='lat' dir='ltr'>canem,</span> <span class='ocrx_word' id='word_1_179' title='bbox 1465 1676 1515 1723; x_wconf 88' lang='lat' dir='ltr'>ei</span> <span class='ocrx_word' id='word_1_180' title='bbox 1558 1685 1738 1727; x_wconf 84' lang='lat' dir='ltr'>tamen</span> <span class='ocrx_word' id='word_1_181' title='bbox 1787 1680 2076 1733; x_wconf 74' lang='lat' dir='ltr'>obem-rere</span> 
     </span>
     <span class='ocr_line' id='line_1_23' title="bbox 296 1738 2072 1823; baseline 0.006 -30"><span class='ocrx_word' id='word_1_182' title='bbox 296 1745 522 1810; x_wconf 82' lang='lat' dir='ltr'>mavult,</span> <span class='ocrx_word' id='word_1_183' title='bbox 553 1759 717 1812; x_wconf 88' lang='lat' dir='ltr'>quarn</span> <span class='ocrx_word' id='word_1_184' title='bbox 756 1743 912 1792; x_wconf 84' lang='lat' dir='ltr'>vxori</span> <span class='ocrx_word' id='word_1_185' title='bbox 945 1741 1147 1793; x_wconf 84' lang='lat' dir='ltr'>rixosae</span> <span class='ocrx_word' id='word_1_186' title='bbox 1170 1769 1242 1781; x_wconf 92' lang='lat'><strong>·—-·</strong></span> <span class='ocrx_word' id='word_1_187' title='bbox 1261 1748 1317 1792; x_wconf 26' lang='lat'>⁷6.</span> <span class='ocrx_word' id='word_1_188' title='bbox 1346 1745 1480 1812; x_wconf 79' lang='lat' dir='ltr'>quid</span> <span class='ocrx_word' id='word_1_189' title='bbox 1488 1738 1686 1820; x_wconf 54' lang='lat' dir='ltr'>fecgss&#39;i</span> <span class='ocrx_word' id='word_1_190' title='bbox 1694 1742 1952 1823; x_wconf 81' lang='lat' dir='ltr'>scipione</span> <span class='ocrx_word' id='word_1_191' title='bbox 1972 1764 2072 1804; x_wconf 89' lang='lat' dir='ltr'>etc.</span> 
     </span>
     <span class='ocr_line' id='line_1_24' title="bbox 292 1813 2131 1884; baseline 0.004 -19"><span class='ocrx_word' id='word_1_192' title='bbox 292 1818 392 1869; x_wconf 79' lang='lat' dir='ltr'>vbi</span> <span class='ocrx_word' id='word_1_193' title='bbox 433 1813 710 1884; x_wconf 83' lang='lat' dir='ltr'>perdidisti</span> <span class='ocrx_word' id='word_1_194' title='bbox 761 1813 1062 1883; x_wconf 82' lang='lat' dir='ltr'>scipionem</span> <span class='ocrx_word' id='word_1_195' title='bbox 1105 1825 1160 1863; x_wconf 91' lang='lat' dir='ltr'>et</span> <span class='ocrx_word' id='word_1_196' title='bbox 1197 1814 1464 1879; x_wconf 79' lang='lat' dir='ltr'>pallium?</span> <span class='ocrx_word' id='word_1_197' title='bbox 1503 1842 1574 1854; x_wconf 86' lang='lat'>-—-</span> <span class='ocrx_word' id='word_1_198' title='bbox 1632 1840 1645 1859; x_wconf 59' lang='lat' dir='ltr'>a·</span> <span class='ocrx_word' id='word_1_199' title='bbox 1682 1831 1734 1867; x_wconf 88' lang='lat' dir='ltr'>et</span> <span class='ocrx_word' id='word_1_200' title='bbox 1771 1837 1842 1869; x_wconf 85' lang='grc' dir='ltr'>ιι.</span> <span class='ocrx_word' id='word_1_201' title='bbox 1883 1823 2075 1874; x_wconf 84' lang='lat' dir='ltr'>Parda-</span> <span class='ocrx_word' id='word_1_202' title='bbox 2125 1837 2131 1842; x_wconf 67' lang='grc'><strong>“</strong></span> 
     </span>
     <span class='ocr_line' id='line_1_25' title="bbox 289 1881 2136 1955; baseline 0.001 -15"><span class='ocrx_word' id='word_1_203' title='bbox 289 1888 415 1940; x_wconf 85' lang='lat' dir='ltr'>lisca</span> <span class='ocrx_word' id='word_1_204' title='bbox 454 1901 756 1939; x_wconf 87' lang='lat' dir='ltr'>memorem</span> <span class='ocrx_word' id='word_1_205' title='bbox 796 1884 848 1934; x_wconf 88' lang='lat' dir='ltr'>se</span> <span class='ocrx_word' id='word_1_206' title='bbox 892 1881 1122 1935; x_wconf 87' lang='lat' dir='ltr'>ostendit</span> <span class='ocrx_word' id='word_1_207' title='bbox 1154 1886 1301 1940; x_wconf 87' lang='lat' dir='ltr'>eius,</span> <span class='ocrx_word' id='word_1_208' title='bbox 1354 1886 1500 1954; x_wconf 86' lang='lat' dir='ltr'>quod</span> <span class='ocrx_word' id='word_1_209' title='bbox 1539 1884 1817 1939; x_wconf 81' lang='lat' dir='ltr'>Murrhina</span> <span class='ocrx_word' id='word_1_210' title='bbox 1849 1910 1891 1943; x_wconf 76' lang='grc' dir='ltr'>ς.</span> <span class='ocrx_word' id='word_1_211' title='bbox 1925 1913 1964 1943; x_wconf 81' lang='grc' dir='ltr'>ι.</span> <span class='ocrx_word' id='word_1_212' title='bbox 1995 1913 2009 1942; x_wconf 88' lang='grc' dir='ltr'><strong>ι</strong></span> <span class='ocrx_word' id='word_1_213' title='bbox 2023 1912 2070 1955; x_wconf 83' lang='lat'>3.</span> <span class='ocrx_word' id='word_1_214' title='bbox 2134 1925 2136 1927; x_wconf 95' lang='lat'>-</span> 
     </span>
     <span class='ocr_line' id='line_1_26' title="bbox 291 1951 2070 2032; baseline 0 -20"><span class='ocrx_word' id='word_1_215' title='bbox 291 1961 504 2013; x_wconf 72' lang='lat' dir='ltr'>iusserat</span> <span class='ocrx_word' id='word_1_216' title='bbox 547 1983 619 1996; x_wconf 80' lang='lat'>—·-·</span> <span class='ocrx_word' id='word_1_217' title='bbox 670 1963 719 2007; x_wconf 83' lang='lat'>8.</span> <span class='ocrx_word' id='word_1_218' title='bbox 763 1954 960 2028; x_wconf 58' lang='lat' dir='ltr'>chfina</span> <span class='ocrx_word' id='word_1_219' title='bbox 993 1951 1119 2031; x_wconf 84' lang='lat' dir='ltr'>sum</span> <span class='ocrx_word' id='word_1_220' title='bbox 1171 1956 1230 2005; x_wconf 89' lang='lat' dir='ltr'>in</span> <span class='ocrx_word' id='word_1_221' title='bbox 1282 1956 1438 2006; x_wconf 87' lang='lat' dir='ltr'>codd.</span> <span class='ocrx_word' id='word_1_222' title='bbox 1490 1956 1659 2017; x_wconf 88' lang='lat' dir='ltr'>deest,</span> <span class='ocrx_word' id='word_1_223' title='bbox 1734 1961 2070 2032; x_wconf 81' lang='lat' dir='ltr'>debeturque</span> 
     </span>
     <span class='ocr_line' id='line_1_27' title="bbox 290 2027 2068 2094; baseline 0.002 -12"><span class='ocrx_word' id='word_1_224' title='bbox 290 2030 629 2085; x_wconf 76' lang='lat' dir='ltr'>camerarie,</span> <span class='ocrx_word' id='word_1_225' title='bbox 665 2038 718 2076; x_wconf 87' lang='lat' dir='ltr'>et</span> <span class='ocrx_word' id='word_1_226' title='bbox 756 2029 859 2083; x_wconf 86' lang='lat' dir='ltr'>ita,</span> <span class='ocrx_word' id='word_1_227' title='bbox 894 2038 982 2084; x_wconf 78' lang='lat' dir='ltr'>vt,</span> <span class='ocrx_word' id='word_1_228' title='bbox 1020 2027 1149 2076; x_wconf 87' lang='lat' dir='ltr'>licet</span> <span class='ocrx_word' id='word_1_229' title='bbox 1192 2027 1519 2078; x_wconf 52' lang='lat' dir='ltr'>Plautinum*</span> <span class='ocrx_word' id='word_1_230' title='bbox 1547 2046 1661 2094; x_wconf 85' lang='lat' dir='ltr'>non</span> <span class='ocrx_word' id='word_1_231' title='bbox 1703 2030 1788 2089; x_wconf 81' lang='lat' dir='ltr'>fit,</span> <span class='ocrx_word' id='word_1_232' title='bbox 1830 2034 2068 2086; x_wconf 85' lang='lat' dir='ltr'>Plautini</span> 
     </span>
     <span class='ocr_line' id='line_1_28' title="bbox 285 2099 2067 2169; baseline -0.001 -16"><span class='ocrx_word' id='word_1_233' title='bbox 285 2112 470 2155; x_wconf 82' lang='lat' dir='ltr'>tamen</span> <span class='ocrx_word' id='word_1_234' title='bbox 522 2099 673 2151; x_wconf 82' lang='lat' dir='ltr'>fellis·</span> <span class='ocrx_word' id='word_1_235' title='bbox 716 2101 941 2167; x_wconf 86' lang='lat' dir='ltr'>plenum</span> <span class='ocrx_word' id='word_1_236' title='bbox 985 2099 1044 2147; x_wconf 85' lang='lat' dir='ltr'>fit</span> <span class='ocrx_word' id='word_1_237' title='bbox 1076 2123 1148 2136; x_wconf 87' lang='lat'>—-··</span> <span class='ocrx_word' id='word_1_238' title='bbox 1205 2115 1277 2147; x_wconf 85' lang='grc' dir='ltr'>ιο.</span> <span class='ocrx_word' id='word_1_239' title='bbox 1318 2100 1373 2149; x_wconf 87' lang='lat' dir='ltr'>in</span> <span class='ocrx_word' id='word_1_240' title='bbox 1410 2102 1666 2151; x_wconf 75' lang='lat' dir='ltr'><em>Bacchas</em></span> <span class='ocrx_word' id='word_1_241' title='bbox 1714 2102 1915 2169; x_wconf 82' lang='lat' dir='ltr'>incidi,</span> <span class='ocrx_word' id='word_1_242' title='bbox 1973 2124 2067 2162; x_wconf 77' lang='lat' dir='ltr'>eae</span> 
     </span>
     <span class='ocr_line' id='line_1_29' title="bbox 282 2168 2067 2243; baseline 0.003 -21"><span class='ocrx_word' id='word_1_243' title='bbox 282 2190 371 2226; x_wconf 85' lang='lat' dir='ltr'>me</span> <span class='ocrx_word' id='word_1_244' title='bbox 411 2172 776 2243; x_wconf 79' lang='lat' dir='ltr'>spoliauerunt</span> <span class='ocrx_word' id='word_1_245' title='bbox 805 2197 877 2208; x_wconf 83' lang='lat'>-—·</span> <span class='ocrx_word' id='word_1_246' title='bbox 928 2187 1004 2219; x_wconf 83' lang='lat'>11.</span> <span class='ocrx_word' id='word_1_247' title='bbox 1043 2185 1182 2219; x_wconf 87' lang='lat' dir='ltr'>nunc</span> <span class='ocrx_word' id='word_1_248' title='bbox 1216 2168 1322 2220; x_wconf 88' lang='lat' dir='ltr'>hoc</span> <span class='ocrx_word' id='word_1_249' title='bbox 1357 2171 1488 2221; x_wconf 89' lang='lat' dir='ltr'>anni</span> <span class='ocrx_word' id='word_1_250' title='bbox 1527 2184 1773 2240; x_wconf 86' lang='lat' dir='ltr'>tempore</span> <span class='ocrx_word' id='word_1_251' title='bbox 1810 2177 2067 2228; x_wconf 77' lang='lat' dir='ltr'>Bacchae</span> 
     </span>
     <span class='ocr_line' id='line_1_30' title="bbox 283 2239 2063 2312; baseline -0.002 -15"><span class='ocrx_word' id='word_1_252' title='bbox 283 2244 466 2297; x_wconf 76' lang='lat' dir='ltr'>nullae</span> <span class='ocrx_word' id='word_1_253' title='bbox 504 2240 700 2293; x_wconf 78' lang='lat' dir='ltr'>ludunt</span> <span class='ocrx_word' id='word_1_254' title='bbox 744 2255 859 2291; x_wconf 88' lang='lat' dir='ltr'>non</span> <span class='ocrx_word' id='word_1_255' title='bbox 902 2239 972 2291; x_wconf 84' lang='lat' dir='ltr'>est</span> <span class='ocrx_word' id='word_1_256' title='bbox 1003 2239 1424 2309; x_wconf 79' lang='lat' dir='ltr'>Bacchanalium</span> <span class='ocrx_word' id='word_1_257' title='bbox 1447 2257 1675 2312; x_wconf 55' lang='lat' dir='ltr'>⁴ternpus</span> <span class='ocrx_word' id='word_1_258' title='bbox 1709 2272 1781 2283; x_wconf 86' lang='lat'>--</span> <span class='ocrx_word' id='word_1_259' title='bbox 1834 2268 1905 2299; x_wconf 66' lang='grc' dir='ltr'>ις.</span> <span class='ocrx_word' id='word_1_260' title='bbox 1941 2265 2063 2298; x_wconf 80' lang='lat' dir='ltr'>nam</span> 
     </span>
     <span class='ocr_line' id='line_1_31' title="bbox 277 2308 2063 2392; baseline 0.002 -29"><span class='ocrx_word' id='word_1_261' title='bbox 277 2333 372 2385; x_wconf 80' lang='lat' dir='ltr'>pa.</span> <span class='ocrx_word' id='word_1_262' title='bbox 411 2313 587 2385; x_wconf 83' lang='lat' dir='ltr'>palam</span> <span class='ocrx_word' id='word_1_263' title='bbox 628 2308 699 2361; x_wconf 88' lang='lat' dir='ltr'>est</span> <span class='ocrx_word' id='word_1_264' title='bbox 731 2337 803 2350; x_wconf 76' lang='lat'>———</span> <span class='ocrx_word' id='word_1_265' title='bbox 850 2314 926 2362; x_wconf 85' lang='lat'>16.</span> <span class='ocrx_word' id='word_1_266' title='bbox 957 2308 1108 2367; x_wconf 62' lang='lat' dir='ltr'>illius</span> <span class='ocrx_word' id='word_1_267' title='bbox 1139 2311 1356 2362; x_wconf 85' lang='lat' dir='ltr'>Cafinae</span> <span class='ocrx_word' id='word_1_268' title='bbox 1379 2340 1450 2351; x_wconf 78' lang='lat'>·—-</span> <span class='ocrx_word' id='word_1_269' title='bbox 1492 2333 1564 2370; x_wconf 83' lang='lat'>¹7·</span> <span class='ocrx_word' id='word_1_270' title='bbox 1602 2329 1696 2381; x_wconf 88' lang='lat' dir='ltr'>pro</span> <span class='ocrx_word' id='word_1_271' title='bbox 1736 2314 2063 2392; x_wconf 68' lang='lat' dir='ltr'>obprcffifflt</span> 
     </span>
     <span class='ocr_line' id='line_1_32' title="bbox 275 2379 2056 2457; baseline 0 -18"><span class='ocrx_word' id='word_1_272' title='bbox 275 2387 615 2439; x_wconf 82' lang='lat' dir='ltr'>Camerarius</span> <span class='ocrx_word' id='word_1_273' title='bbox 655 2394 799 2438; x_wconf 84' lang='lat' dir='ltr'>recte</span> <span class='ocrx_word' id='word_1_274' title='bbox 845 2379 1073 2457; x_wconf 74' lang='lat' dir='ltr'>obpreff.</span> <span class='ocrx_word' id='word_1_275' title='bbox 1102 2408 1173 2420; x_wconf 83' lang='lat'>——-</span> <span class='ocrx_word' id='word_1_276' title='bbox 1209 2381 1375 2455; x_wconf 75' lang='lat' dir='ltr'>istaec</span> <span class='ocrx_word' id='word_1_277' title='bbox 1414 2381 1596 2444; x_wconf 81' lang='lat' dir='ltr'>dicta,</span> <span class='ocrx_word' id='word_1_278' title='bbox 1647 2404 1784 2454; x_wconf 82' lang='lat' dir='ltr'>quae</span> <span class='ocrx_word' id='word_1_279' title='bbox 1824 2404 1911 2438; x_wconf 85' lang='lat' dir='ltr'>eas</span> <span class='ocrx_word' id='word_1_280' title='bbox 1955 2407 2056 2448; x_wconf 82' lang='lat' dir='ltr'>res,</span> 
     </span>
     <span class='ocr_line' id='line_1_33' title="bbox 271 2450 2059 2535; baseline 0.001 -25"><span class='ocrx_word' id='word_1_281' title='bbox 271 2472 403 2530; x_wconf 82' lang='lat' dir='ltr'>quas</span> <span class='ocrx_word' id='word_1_282' title='bbox 437 2475 525 2508; x_wconf 89' lang='lat' dir='ltr'>me</span> <span class='ocrx_word' id='word_1_283' title='bbox 556 2453 733 2505; x_wconf 82' lang='lat' dir='ltr'>feciffe</span> <span class='ocrx_word' id='word_1_284' title='bbox 771 2451 955 2504; x_wconf 77' lang='lat' dir='ltr'>dicitis</span> <span class='ocrx_word' id='word_1_285' title='bbox 985 2480 1058 2492; x_wconf 78' lang='lat'>---</span> <span class='ocrx_word' id='word_1_286' title='bbox 1104 2473 1182 2504; x_wconf 86' lang='lat'>22.</span> <span class='ocrx_word' id='word_1_287' title='bbox 1212 2450 1414 2529; x_wconf 67' lang='lat' dir='ltr'>amaffir</span> <span class='ocrx_word' id='word_1_288' title='bbox 1449 2471 1695 2508; x_wconf 84' lang='lat' dir='ltr'>amauero</span> <span class='ocrx_word' id='word_1_289' title='bbox 1728 2483 1801 2496; x_wconf 86' lang='lat'>--</span> <span class='ocrx_word' id='word_1_290' title='bbox 1832 2456 2059 2535; x_wconf 82' lang='lat' dir='ltr'>obcepso</span> 
     </span>
     <span class='ocr_line' id='line_1_34' title="bbox 273 2524 2054 2599; baseline 0 -17"><span class='ocrx_word' id='word_1_291' title='bbox 273 2532 573 2598; x_wconf 84' lang='lat' dir='ltr'>obcepero‚</span> <span class='ocrx_word' id='word_1_292' title='bbox 637 2538 917 2576; x_wconf 80' lang='lat' dir='ltr'>tentauero</span> <span class='ocrx_word' id='word_1_293' title='bbox 969 2555 1035 2562; x_wconf 86' lang='lat'><em>-</em></span> <span class='ocrx_word' id='word_1_294' title='bbox 1092 2540 1171 2583; x_wconf 83' lang='lat'>23.</span> <span class='ocrx_word' id='word_1_295' title='bbox 1209 2524 1300 2574; x_wconf 87' lang='lat' dir='ltr'>hic</span> <span class='ocrx_word' id='word_1_296' title='bbox 1349 2526 1530 2577; x_wconf 85' lang='lat' dir='ltr'>versus</span> <span class='ocrx_word' id='word_1_297' title='bbox 1567 2539 1786 2596; x_wconf 82' lang='lat' dir='ltr'>putatur</span> <span class='ocrx_word' id='word_1_298' title='bbox 1827 2528 2054 2599; x_wconf 77' lang='lat' dir='ltr'>spurius,</span> 
     </span>
     <span class='ocr_line' id='line_1_35' title="bbox 271 2596 2054 2670; baseline 0 -18"><span class='ocrx_word' id='word_1_299' title='bbox 271 2602 421 2670; x_wconf 79' lang='lat' dir='ltr'>qnod</span> <span class='ocrx_word' id='word_1_300' title='bbox 457 2597 600 2649; x_wconf 84' lang='lat' dir='ltr'>nihil</span> <span class='ocrx_word' id='word_1_301' title='bbox 632 2596 779 2645; x_wconf 87' lang='lat' dir='ltr'>aliud</span> <span class='ocrx_word' id='word_1_302' title='bbox 819 2596 979 2654; x_wconf 87' lang='lat' dir='ltr'>dicit,</span> <span class='ocrx_word' id='word_1_303' title='bbox 1014 2610 1221 2664; x_wconf 61' lang='lat' dir='ltr'>nquam,</span> <span class='ocrx_word' id='word_1_304' title='bbox 1276 2596 1423 2666; x_wconf 89' lang='lat' dir='ltr'>quod</span> <span class='ocrx_word' id='word_1_305' title='bbox 1466 2617 1518 2647; x_wconf 89' lang='lat' dir='ltr'>V.</span> <span class='ocrx_word' id='word_1_306' title='bbox 1545 2614 1623 2649; x_wconf 85' lang='lat'>22.</span> <span class='ocrx_word' id='word_1_307' title='bbox 1670 2599 1879 2651; x_wconf 84' lang='lat' dir='ltr'>dictum</span> <span class='ocrx_word' id='word_1_308' title='bbox 1914 2614 2054 2652; x_wconf 87' lang='lat' dir='ltr'>erat:</span> 
     </span>
     <span class='ocr_line' id='line_1_36' title="bbox 264 2666 2050 2740; baseline 0.001 -18"><span class='ocrx_word' id='word_1_309' title='bbox 264 2673 356 2724; x_wconf 87' lang='lat' dir='ltr'>sed</span> <span class='ocrx_word' id='word_1_310' title='bbox 425 2673 546 2740; x_wconf 12' lang='lat' dir='ltr'>quir</span> <span class='ocrx_word' id='word_1_311' title='bbox 583 2669 802 2717; x_wconf 81' lang='lat' dir='ltr'>veniam</span> <span class='ocrx_word' id='word_1_312' title='bbox 862 2668 1048 2717; x_wconf 85' lang='lat' dir='ltr'>delicti</span> <span class='ocrx_word' id='word_1_313' title='bbox 1107 2666 1372 2736; x_wconf 84' lang='lat' dir='ltr'>inpetrare</span> <span class='ocrx_word' id='word_1_314' title='bbox 1426 2672 1687 2736; x_wconf 80' lang='lat' dir='ltr'>cupiunt,</span> <span class='ocrx_word' id='word_1_315' title='bbox 1762 2687 1875 2722; x_wconf 87' lang='lat' dir='ltr'>non</span> <span class='ocrx_word' id='word_1_316' title='bbox 1934 2688 2050 2724; x_wconf 85' lang='lat' dir='ltr'>raro</span> 
     </span>
     <span class='ocr_line' id='line_1_37' title="bbox 267 2733 2053 2811; baseline 0.001 -18"><span class='ocrx_word' id='word_1_317' title='bbox 267 2746 463 2794; x_wconf 87' lang='lat' dir='ltr'>iterant</span> <span class='ocrx_word' id='word_1_318' title='bbox 499 2738 832 2811; x_wconf 69' lang='lat' dir='ltr'>promissum,</span> <span class='ocrx_word' id='word_1_319' title='bbox 878 2738 925 2789; x_wconf 85' lang='lat' dir='ltr'>se</span> <span class='ocrx_word' id='word_1_320' title='bbox 962 2733 1178 2807; x_wconf 83' lang='lat' dir='ltr'>posthac</span> <span class='ocrx_word' id='word_1_321' title='bbox 1211 2739 1312 2788; x_wconf 87' lang='lat' dir='ltr'>tale</span> <span class='ocrx_word' id='word_1_322' title='bbox 1357 2740 1488 2808; x_wconf 87' lang='lat' dir='ltr'>quid</span> <span class='ocrx_word' id='word_1_323' title='bbox 1524 2757 1634 2791; x_wconf 89' lang='lat' dir='ltr'>non</span> <span class='ocrx_word' id='word_1_324' title='bbox 1671 2738 1770 2790; x_wconf 82' lang='lat' dir='ltr'>effe</span> <span class='ocrx_word' id='word_1_325' title='bbox 1807 2742 2053 2795; x_wconf 80' lang='lat' dir='ltr'>admissu·</span> 
     </span>
     <span class='ocr_line' id='line_1_38' title="bbox 267 2809 2141 2879; baseline 0.002 -18"><span class='ocrx_word' id='word_1_326' title='bbox 267 2831 355 2866; x_wconf 72' lang='lat' dir='ltr'>ros</span> <span class='ocrx_word' id='word_1_327' title='bbox 390 2842 461 2853; x_wconf 87' lang='lat'>--</span> <span class='ocrx_word' id='word_1_328' title='bbox 501 2814 580 2861; x_wconf 87' lang='lat'>26.</span> <span class='ocrx_word' id='word_1_329' title='bbox 614 2827 853 2875; x_wconf 82' lang='lat' dir='ltr'>propero</span> <span class='ocrx_word' id='word_1_330' title='bbox 895 2826 922 2858; x_wconf 91' lang='lat' dir='ltr'>e</span> <span class='ocrx_word' id='word_1_331' title='bbox 968 2812 1272 2859; x_wconf 86' lang='lat' dir='ltr'>coniectura</span> <span class='ocrx_word' id='word_1_332' title='bbox 1311 2809 1593 2869; x_wconf 84' lang='lat' dir='ltr'>Gulielmi,</span> <span class='ocrx_word' id='word_1_333' title='bbox 1648 2812 1717 2862; x_wconf 90' lang='lat' dir='ltr'>ob</span> <span class='ocrx_word' id='word_1_334' title='bbox 1767 2829 1886 2867; x_wconf 80' lang='lat' dir='ltr'>earn</span> <span class='ocrx_word' id='word_1_335' title='bbox 1930 2831 2052 2879; x_wconf 75' lang='lat' dir='ltr'>cau·</span> <span class='ocrx_word' id='word_1_336' title='bbox 2138 2867 2141 2869; x_wconf 71' lang='grc'><em>,</em></span> 
     </span>
     <span class='ocr_line' id='line_1_39' title="bbox 265 2878 2144 2955; baseline 0.003 -24"><span class='ocrx_word' id='word_1_337' title='bbox 265 2885 407 2941; x_wconf 85' lang='lat' dir='ltr'>sam,</span> <span class='ocrx_word' id='word_1_338' title='bbox 460 2898 491 2932; x_wconf 87' lang='lat' dir='ltr'>e</span> <span class='ocrx_word' id='word_1_339' title='bbox 528 2896 633 2952; x_wconf 88' lang='lat' dir='ltr'>qua</span> <span class='ocrx_word' id='word_1_340' title='bbox 674 2895 827 2932; x_wconf 61' lang='lat' dir='ltr'>v..1·7.</span> <span class='ocrx_word' id='word_1_341' title='bbox 867 2879 1151 2930; x_wconf 82' lang='lat' dir='ltr'>Cleostrata</span> <span class='ocrx_word' id='word_1_342' title='bbox 1195 2878 1369 2930; x_wconf 82' lang='lat' dir='ltr'>statim</span> <span class='ocrx_word' id='word_1_343' title='bbox 1410 2884 1625 2931; x_wconf 82' lang='lat' dir='ltr'>veniam</span> <span class='ocrx_word' id='word_1_344' title='bbox 1671 2882 1789 2941; x_wconf 88' lang='lat' dir='ltr'>dat,</span> <span class='ocrx_word' id='word_1_345' title='bbox 1842 2884 2050 2955; x_wconf 77' lang='lat' dir='ltr'>vulgari</span> <span class='ocrx_word' id='word_1_346' title='bbox 2124 2878 2144 2922; x_wconf 46' lang='grc' dir='ltr'><strong><em>ἴ</em></strong></span> 
     </span>
     <span class='ocr_line' id='line_1_40' title="bbox 264 2948 2050 3031; baseline 0.001 -29"><span class='ocrx_word' id='word_1_347' title='bbox 264 2948 531 3031; x_wconf 69' lang='lat' dir='ltr'>prospero</span> <span class='ocrx_word' id='word_1_348' title='bbox 562 2948 979 3020; x_wconf 84' lang='lat' dir='ltr'>praeferendum</span> <span class='ocrx_word' id='word_1_349' title='bbox 1021 2951 1211 3021; x_wconf 84' lang='lat' dir='ltr'>putaui</span> <span class='ocrx_word' id='word_1_350' title='bbox 1245 2977 1316 2988; x_wconf 83' lang='lat'>——-</span> <span class='ocrx_word' id='word_1_351' title='bbox 1357 2970 1432 3002; x_wconf 64' lang='grc' dir='ltr'>ιι.</span> <span class='ocrx_word' id='word_1_352' title='bbox 1468 2951 1718 3024; x_wconf 57' lang='lat' dir='ltr'>insignite</span> <span class='ocrx_word' id='word_1_353' title='bbox 1762 2955 1910 3024; x_wconf 89' lang='lat' dir='ltr'>quod</span> <span class='ocrx_word' id='word_1_354' title='bbox 1955 2959 2050 3009; x_wconf 80' lang='lat' dir='ltr'>vix</span> 
     </span>
     <span class='ocr_line' id='line_1_41' title="bbox 263 3021 1599 3093; baseline -0.004 -15"><span class='ocrx_word' id='word_1_355' title='bbox 263 3029 362 3078; x_wconf 81' lang='lat' dir='ltr'>vlli</span> <span class='ocrx_word' id='word_1_356' title='bbox 394 3037 655 3093; x_wconf 76' lang='lat' dir='ltr'>vmquam</span> <span class='ocrx_word' id='word_1_357' title='bbox 696 3037 871 3073; x_wconf 85' lang='lat' dir='ltr'>nouae</span> <span class='ocrx_word' id='word_1_358' title='bbox 912 3037 1115 3091; x_wconf 81' lang='lat' dir='ltr'>nuptae</span> <span class='ocrx_word' id='word_1_359' title='bbox 1158 3021 1408 3071; x_wconf 75' lang='lat' dir='ltr'>adcidiss&#39;e</span> <span class='ocrx_word' id='word_1_360' title='bbox 1448 3036 1599 3092; x_wconf 84' lang='lat' dir='ltr'>puto.</span> 
     </span>
    </p>
   </div>
   <div class='ocr_carea' id='block_1_5' title="bbox 262 3112 2043 3328">
    <p class='ocr_par' dir='ltr' id='par_1_7' title="bbox 262 3112 2043 3328">
     <span class='ocr_line' id='line_1_42' title="bbox 985 3112 1317 3166; baseline 0 0"><span class='ocrx_word' id='word_1_361' title='bbox 985 3114 1032 3166; x_wconf 88' lang='lat' dir='ltr'>G</span> <span class='ocrx_word' id='word_1_362' title='bbox 1073 3114 1122 3166; x_wconf 87' lang='lat' dir='ltr'>R</span> <span class='ocrx_word' id='word_1_363' title='bbox 1159 3112 1206 3164; x_wconf 89' lang='lat' dir='ltr'>E</span> <span class='ocrx_word' id='word_1_364' title='bbox 1254 3114 1317 3166; x_wconf 88' lang='grc' dir='ltr'>Χ.</span> 
     </span>
     <span class='ocr_line' id='line_1_43' title="bbox 374 3176 2043 3256; baseline -0.001 -15"><span class='ocrx_word' id='word_1_365' title='bbox 374 3205 418 3242; x_wconf 86' lang='grc'>2.</span> <span class='ocrx_word' id='word_1_366' title='bbox 446 3204 491 3251; x_wconf 78' lang='lat'>3.</span> <span class='ocrx_word' id='word_1_367' title='bbox 526 3182 840 3243; x_wconf 88' lang='lat' dir='ltr'>Murrhina,</span> <span class='ocrx_word' id='word_1_368' title='bbox 888 3176 1034 3256; x_wconf 74' lang='lat' dir='ltr'>quaev</span> <span class='ocrx_word' id='word_1_369' title='bbox 1077 3188 1291 3236; x_wconf 84' lang='lat' dir='ltr'>vicinae</span> <span class='ocrx_word' id='word_1_370' title='bbox 1336 3183 1585 3237; x_wconf 85' lang='lat' dir='ltr'>ancillam</span> <span class='ocrx_word' id='word_1_371' title='bbox 1629 3204 1820 3256; x_wconf 84' lang='lat' dir='ltr'>parum</span> <span class='ocrx_word' id='word_1_372' title='bbox 1863 3187 2043 3242; x_wconf 82' lang='lat' dir='ltr'>adhue</span> 
     </span>
     <span class='ocr_line' id='line_1_44' title="bbox 262 3255 2042 3328; baseline -0.002 -12"><span class='ocrx_word' id='word_1_373' title='bbox 262 3267 575 3318; x_wconf 65' lang='lat' dir='ltr'>curauerat,</span> <span class='ocrx_word' id='word_1_374' title='bbox 617 3271 671 3309; x_wconf 77' lang='lat' dir='ltr'>et</span> <span class='ocrx_word' id='word_1_375' title='bbox 706 3255 880 3325; x_wconf 87' lang='lat' dir='ltr'>forsan</span> <span class='ocrx_word' id='word_1_376' title='bbox 913 3275 983 3308; x_wconf 90' lang='lat' dir='ltr'>ne</span> <span class='ocrx_word' id='word_1_377' title='bbox 1017 3255 1225 3308; x_wconf 86' lang='lat' dir='ltr'>viderat</span> <span class='ocrx_word' id='word_1_378' title='bbox 1261 3257 1515 3327; x_wconf 85' lang='lat' dir='ltr'>quidem,</span> <span class='ocrx_word' id='word_1_379' title='bbox 1563 3260 1714 3328; x_wconf 89' lang='lat' dir='ltr'>quod</span> <span class='ocrx_word' id='word_1_380' title='bbox 1755 3259 2042 3313; x_wconf 72' lang='lat' dir='ltr'>Cleostrata</span> 
     </span>
    </p>
   </div>
  </div>
 </body>
</html>
