2144 3554
610 127 612 133 ’
685 161 895 230 acrys
936 144 982 206 1.
1039 157 1302 205 sonum
1342 145 1388 204 1.
1425 144 1498 205 11.
1858 164 1966 219 34¹

193 298 619 369 iungunturw-*l
651 297 699 347 6.
731 294 943 346 ’iisdem
972 294 1152 347 verbis
1180 292 1335 364 Capt.
1373 311 1415 345 1.
1451 312 1495 345 1.
1523 310 1573 356 9.
1608 297 1750 367 quali
1792 313 1974 349 mure·

100 375 110 388 ”
191 367 402 439 [emper
423 367 895 420 edimue'alienum
920 367 1121 418 cibum.
1176 367 1468 435 Diogenes,
1499 383 1664 434 quum
1693 386 1874 420 mures
1899 370 1972 418 vi·

194 438 346 491 deret
377 439 444 491 ad
476 436 714 489 mensam
743 435 1215 507 suam'subrepere‚
1254 455 1372 487 ecee
1409 437 1529 496 tibi,
1570 440 1768 508 inquit,
1805 443 1970 490 etiam

191 511 476 577 Diogenes
509 506 780 579 parasitos
813 508 918 559 alit
949 538 1020 549 --
1059 517 1106 561 8.
1146 508 1303 559 duris
1325 508 1692 575 Capitonibus
1720 510 1829 561 vid.
1857 523 1966 562 not.

187 580 254 631 ad
281 578 436 651 Gapt.
462 598 504 632 1.
531 598 571 632 1.
594 591 673 631 21'.
721 579 789 631 cf.
819 579 977 631 Cure.
998 598 1042 641 3.
1071 598 1124 632 v,
1149 598 1206 640 24
1236 579 1306 629 ad
1339 589 1414 631 2‘‹.
1446 580 1657 632 adludit
1688 595 1868 632 autem
1901 581 1968 632 ad

184 648 449 705 fanfiliam
484 651 833 722 Capitonum.
867 652 1073 702 Romae
1107 667 1219 702 non
1251 650 1581 702 incelebrem
1609 681 1681 695 —-
1728 673 1799 703 vo.
1835 671 1965 721 qua·

182 722 437 789 druplari
470 740 566 773 me.
602 722 662 775 ro*
695 741 778 773 me
818 723 1070 774 abundat.
1146 719 1963 793 Asconiuat“quadruplatores

181 786 519 845 admiratores
559 791 650 843 seu
682 793 947 844 delatores
968 797 1263 846 criminum
1285 792 1632 864 publicorum
1661 793 1754 846 sub
1786 811 1963 866 poena

180 863 497 932 quadrupli,
548 865 683 922 siue,
732 864 880 934 quod
918 866 1007 933 ipfi
1056 883 1118 916 ex
1164 865 1547 915 damnatorum
1576 867 1766 924 bonis,
1823 883 1960 938 quo·

68 989 75 1000 ¹
179 935 579 996 adcusauerant,
619 950 862 1005 quartam
889 948 1092 1007 partem
1121 934 1635 1007 consequebantur.”
1703 937 1807 989 Sed
1834 955 1959 1008 qua-

91 1023 96 1034 *
177 1006 431 1077 druplum
458 1020 599 1059 certe
642 1023 754 1058 non
790 1007 860 1059 est
896 1019 1080 1078 quarta
1116 1023 1255 1078 pare.
1327 1009 1435 1058 Alii
1479 1009 1776 1078 explicant:
1812 1027 1956 1079 para-

176 1078 335 1127 litum
366 1078 518 1145 nolle
551 1092 794 1148 ereptum
833 1080 913 1129 ire
950 1080 1093 1129 bona
1127 1081 1320 1138 aliena,
1358 1097 1424 1134 ne
1455 1080 1852 1148 quadrupletur
1886 1098 1956 1133 ue

175 1162 396 1220 cog-atur
439 1149 506 1199 ad
554 1150 917 1220 quadrupkum
954 1148 1297 1201 soluendum.
1391 1151 1509 1200 Niti
1558 1163 1778 1222 putatur
1824 1152 1956 1204 haec

174 1221 459 1290 explicatio
494 1219 703 1290 leian.
740 1222 774 1271 l.
797 1239 841 1271 2.
868 1240 924 1270 π.
967 1219 1033 1272 de
1074 1223 1131 1269 vi
1164 1222 1294 1271 bon.
1329 1236 1452 1289 rap.⁴
1487 1223 1542 1271 in
1587 1222 1695 1271 hac
1738 1225 1955 1274 actione

172 1294 322 1342 intra
370 1309 567 1342 annum
609 1292 800 1342 vtilem
849 1309 1035 1342 verum
1082 1294 1318 1359 precium
1367 1293 1795 1362 quadruplatur.
1847 1295 1953 1345 hoc

166 1377 296 1412 vero
326 1362 582 1431 parasitus
610 1380 662 1412 v.
692 1382 766 1413 11.
778 1359 905 1437 stne
919 1357 1030 1440 suo
1057 1363 1302 1429 periculo
1331 1360 1504 1413 facere
1539 1379 1652 1413 non
1683 1365 1948 1434 potuiffet.

167 1433 475 1484 Gronovius
512 1435 771 1504 explicat:
820 1436 1108 1503 parantum
1146 1434 1292 1485 nolle
1328 1432 1693 1486 adcuratorem
1735 1437 1821 1485 vel
1861 1435 1948 1493 ‹le-

162 1505 388 1556 latorem
423 1502 541 1562 effe,
572 1506 701 1556 licet
743 1507 788 1555 ie
860 1504 1067 1556 naestus
1101 1518 1223 1556 tum
1257 1506 1434 1557 multo
1468 1506 1592 1555 effet
1625 1506 1946 1567 vberrimus,

163 1588 234 1633 et,
261 1576 361 1627 nili
389 1575 649 1628 delatores
675 1524 982 1627 maniiestae
1009 1576 1309 1628 calumniae
1330 1578 1807 1635 conuincerentur‚
1842 1580 1948 1629 fine

160 1645 256 1698 suo
295 1648 538 1719 periculo
576 1663 607 1697 e
641 1648 882 1701 damnati
915 1649 1078 1699 bonis
1113 1651 1424 1718 potirentur
1463 1661 1631 1717 parte.
1724 1649 1945 1701 Plautus

141 1717 272 1786 ipse
293 1735 347 1769 v.
373 1736 449 1770 11.
483 1721 738 1789 explicat:
789 1735 903 1771 non
937 1718 1144 1779 decere,
1181 1720 1352 1769 aliena
1380 1720 1522 1770 bona
1552 1718 1762 1783 (fraude
1784 1724 1945 1786 mala)

155 1801 401 1861 ereptum
430 1791 506 1842 ire
529 1818 603 1829 -—-
639 1808 691 1850 ¹3
721 1788 787 1840 ad
814 1808 892 1840 22.
923 1790 1065 1840 nihil
1093 1792 1230 1841 mihi
1259 1790 1477 1841 videtur
1516 1791 1842 1841 mutandum
1872 1822 1943 1832 —-

164 1877 244 1922 13.
283 1878 358 1923 14.
392 1877 470 1923 ¹5·
497 1863 577 1911 rei
601 1862 853 1932 publicae
878 1860 1110 1921 interest,
1148 1862 1340 1915 noxios
1365 1864 1570 1931 puniri,
1609 1878 1793 1931 quare,
1826 1867 1939 1932 qui·

156 1949 378 2002 cumque
421 1931 484 1983 id
504 1924 667 2006 facit
703 1931 921 1983 adcusat
970 1935 1049 1983 rei
1092 1933 1340 1999 publicae
1382 1934 1560 2000 magis
1595 1935 1729 2002 reip.
1778 1937 1941 1986 vuius

151 2020 264 2056 ‘non
283 1998 382 2080 sui
455 2001 627 2079 uaesti
665 2002 910 2074 quaestus
943 1999 1126 2080 causa,
1163 2007 1374 2055 animus
1410 2006 1595 2055 induci
1633 2017 1766 2070 poce
1791 2017 1815 2055 c
1850 2006 1938 2057 ad-

153 2073 286 2126 duci
322 2091 394 2144 po
435 2091 562 2135 um,
606 2087 667 2127 vt
710 2074 957 2133 credam,
1018 2094 1130 2125 eum
1177 2072 1279 2149 effe
1318 2077 1485 2125 ciuem
1526 2086 1580 2125 et
1599 2074 1736 2196 1fide
1760 2096 1839 2126 em
1885 2084 1939 2127 et

151 2145 346 2197 bonum
390 2164 462 2185 -=-
511 2147 589 2197 16.
621 2162 698 2208 17.
718 2141 829 2224 sed
865 2147 1167 2214 legirupam
1209 2148 1303 2216 qui
1341 2148 1565 2198 damnet
1620 2146 1688 2198 ed
1734 2150 1830 2217 qui
1878 2149 1936 2197 in

150 2217 422 2268 iudicium
455 2218 693 2286 aliquem
727 2233 919 2268 vocare
959 2219 1094 2269 velit
1139 2217 1209 2268 ob
1255 2219 1399 2287 leges
1447 2218 1701 2277 violatas,
1750 2220 1842 2269 det
1878 2222 1933 2269 in

147 2288 422 2355 publicum
456 2283 736 2340 dimidium
766 2289 874 2340 hoc
904 2290 1086 2359 paullo
1111 2287 1226 2359 post
1249 2290 1517 2356 explicare
1539 2290 1755 2340 videtur
1776 2309 1828 2340 v.
1853 2309 1931 2341 20.

147 2377 327 2429 aequa
348 2369 512 2426 parte
541 2361 819 2428 prodeant
856 2374 910 2411 et
948 2379 1002 2411 v.
1027 2378 1107 2409 22.
1146 2367 1256 2410 non
1289 2360 1413 2410 albo
1443 2371 1556 2411 rete
1587 2361 1931 2428 obpugnent,·

141 2424 427 2482 adcusator
467 2446 584 2482 non
627 2432 687 2482 fit
721 2432 828 2482 fine
870 2433 1148 2500 pericu10‚
1196 2429 1288 2483 sed
1328 2434 1474 2489 eius,
1522 2429 1929 2484 calumniatoris

145 2501 407 2572 deprensi,
443 2519 556 2554 non
582 2504 766 2553 minus
793 2503 851 2555 fit
876 2503 1194 2572 periculum,
1232 2519 1393 2572 quam
1412 2502 1507 2559 rei,
1540 2504 1689 2555 noxii
1714 2505 1929 2573 reperti,

82 2609 86 2613 .
144 2571 238 2622 seu
277 2571 577 2624 adcuratori
614 2589 818 2645 reoque
862 2572 1156 2624 dimidium
1203 2573 1238 2624 i.
1263 2589 1309 2623 e.
1345 2588 1575 2644 aequum
1615 2576 1829 2642 vtrique
1870 2576 1930 2624 fit

142 2645 450 2713 periculum
491 2674 563 2684 —
615 2662 691 2701 17.
729 2655 893 2714 atque
938 2647 1099 2695 etiam
1136 2663 1256 2694 mea
1292 2643 1410 2711 lege
1444 2645 1478 2693 fi
1518 2646 1658 2696 mihi
1693 2647 1825 2715 legis
1860 2645 1927 2696 de

143 2713 550 2767 adcuratoribus
587 2715 841 2768 ferendae
881 2715 1006 2767 elIet
1039 2716 1194 2783 copia
1225 2710 1553 2791 adscribitor
1596 2717 1738 2767 hanc
1769 2715 1927 2767 adde-

140 2801 261 2836 rem*
289 2787 611 2839 clausulam:
661 2794 739 2839 18.
767 2789 866 2839 vbi
897 2787 1307 2856 quadruplatur
1333 2789 1609 2855 quoipiam
1635 2790 1925 2855 (cuipiarm

142 2857 212 2907 fic
250 2871 373 2909 cum
409 2855 651 2910 Acidalio
699 2861 822 2928 lego
864 2875 964 2925 pro
1018 2859 1349 2927 quempiam)
1395 2859 1595 2909 iniexit
1631 2861 1924 2926 (iniecerit)

140 2931 442 2979 manum‘in
475 2932 560 2981 ius
591 2947 718 2980 eum
753 2932 1035 2981 vocauerit
1064 2957 1135 2966 —
1173 2944 1251 2991 19.
1284 2928 1567 2980 Tantidem
1599 2943 1701 2984 etc.
1730 2931 1921 2982 eadem

31 2999 33 3001 ’
98 3024 101 3026 -
139 3013 316 3068 poena
362 3002 633 3070 >proposita
677 3000 958 3052 adcusatus
998 2996 1215 3051 adcuset
1250 2998 1618 3052 adcusatorem
1659 3000 1813 3055 suum
1852 3031 1924 3042 -—-

143 3086 224 3118 20.
259 3080 326 3120 vt
347 3087 522 3140 aequa
541 3074 659 3140 pari
683 3074 956 3142 vti-imque
979 3072 1137 3137 parti
1161 3073 1354 3139 (parte)
1384 3072 1654 3141 propofito
1678 3075 1920 3143 periculo

137 3141 416 3206 prodeant
450 3155 551 3193 etc.
584 3142 652 3192 ad
674 3155 976 3212 praetorem
1009 3152 1151 3198 eant,
1179 3141 1274 3210 qui
1306 3159 1401 3210 per
1429 3145 1693 3197 tresuiros
1720 3146 1916 3213 Amph.

140 3227 185 3261 1.
219 3228 257 3262 1.
284 3229 330 3272 3.
383 3211 698 3266 damnatum
748 3216 806 3264 in
855 3228 1125 3265 carcerem
1170 3214 1356 3263 mittet
1385 3242 1458 3255 --
1511 3230 1592 3266 21.
1635 3233 1702 3264 ne
1742 3217 1917 3280 adpa-

95 3348 98 3349 7
135 3292 291 3334 reant
327 3294 389 3334 vt
422 3283 819 3337 absterreantur
858 3303 890 3337 a
933 3284 1141 3337 malitia
1166 3280 1258 3336 sua
1287 3312 1358 3325 —-
1400 3303 1480 3337 22.
1514 3287 1608 3356 qui
1643 3285 1770 3336 albo
1807 3296 1918 3336 rete
