2144 3554
660 141 868 189 Acrvs
911 125 1017 187 IV.
1081 141 1336 185 scnium
1389 127 1543 188 1.11.
1877 149 1986 202 39¹

207 281 359 348 capti
409 273 615 351 001ψίἰί
658 274 918 331 ostendit,
973 288 1265 344 Vtrumque
1306 274 1521 326 fratrem
1572 277 1875 330 consentire
1934 283 1992 331 in

203 349 426 422 parasito
456 346 761 400 amonendo
796 375 862 384 -—
898 363 981 406 71.
1023 348 1206 413 lupum
1242 348 1296 395 in
1328 342 1584 421 sermone
1616 349 1738 399 Ter.
1757 351 1854 401 Ad.
1875 368 1921 415 4.
1946 371 1985 403 1.

208 423 369 494 lupus
397 423 453 473 in
466 415 682 494 fabula
713 418 780 468 de
814 435 924 488 quo
957 419 1333 488 loquebamur,
1369 414 1525 468 adest.

516 561 602 611 IN
652 559 923 612 ACTVS
992 560 1088 612 lv,
1182 558 1529 611 SCENAM
1593 561 1667 610 11.

316 647 360 683 ι.
393 630 596 684 'Abiens
638 632 930 683 Gelasimus
970 648 1013 689 3.
1046 651 1091 683 ε.
1117 648 1200 694 47.
1242 631 1463 688 dixerat,
1516 631 1888 684 consulturum
1935 634 1985 684 se

194 704 424 761 amicos,
461 720 565 773 qua
595 704 713 772 lege
741 702 791 752 se
828 717 978 754 nunc
1003 714 1245 773 oporteat
1267 701 1481 754 esurire.
1518 703 1609 753 hic
1634 706 1810 773 igitur,
1850 705 1986 773 quid

195 770 461 826 ‘suaserint
496 776 658 826 amici
691 776 1034 844 cognatique,
1071 790 1225 845 quos,
1262 775 1393 824 dum
1435 772 1627 832 abfuit,
1665 772 1984 826 consuluiss'e

199 845 338 905 vult,
389 836 775 915 spectatoribus
820 858 1013 896 narrat.
1105 847 1341 895 Voculae
1381 840 1481 921 secl
1516 848 1617 905 ita,
1666 847 1698 894 fi
1731 845 1983 905 abess'ent,

114 920 119 922 ’
196 932 317 967 non
354 918 577 986 quidem
622 916 1073 976 desider-arentum
1108 933 1211 968 nec
1243 933 1371 968 vero
1406 930 1532 973 erat,
1570 933 1680 974 cur,
1722 917 1787 967 ab
1825 919 1986 971 initio

200 986 391 1039 scenae
442 988 613 1039 decise
659 991 951 1047 nonnulla,
1007 988 1250 1039 Acidalio
1308 989 1537 1058 aliisque
1586 986 1983 1058 persuaderent.

198 1057 357 1111 Ritus
387 1060 637 1129 captandi
673 1059 827 1111 causa
859 1060 925 1109 de
953 1058 1205 1110 industria
1235 1060 1526 1110 Gelasimus
1560 1060 1741 1129 inepte
1773 1061 1982 1128 incipit.

204 1132 370 1182 Fame
399 1126 456 1206 sq
501 1131 749 1196 iugulare
794 1134 1005 1181 cornice
1050 1130 1276 1213 dictum·
1310 1129 1404 1210 gn,
1456 1130 1639 1181 addito
1673 1131 1983 1199 praesertim

146 1206 148 1213 '
197 1202 502 1265 hodie‚vno
523 1203 670 1252 enim
695 1202 783 1253 die
804 1218 967 1253 nemo
997 1200 1390 1343 famcfpernt—
1409 1196 1979 1277 8.sustentanisedulo

198 1290 252 1323 v.
267 1291 318 1333 3.
339 1291 384 1323 ι.
409 1290 485 1336 14·
513 1300 585 1312 —-
630 1290 706 1323 ιι.
736 1267 1031 1357 αᾶηοζΙὶφι
1063 1283 1134 1344 te·
1174 1273 1406 1323 abulare'
1426 1273 1568 1322 male
1600 1274 1701 1323 tibi
1730 1272 1985 1331 consulit,

181 1358 286 1395 ,me
311 1343 602 1397 excludens
631 1343 796 1395 hodie
819 1354 1230 1396 conmuatorem
1253 1373 1324 1384 -
1353 1362 1429 1407 13.
1452 1345 1583 1412 quin
1615 1356 1675 1395 tu
1696 1360 1857 1395 vocas
1874 1346 1985 1396 5²-

195 1409 508 1493 ohstrusero
543 1415 836 1466 deuorabo.
897 1415 1056 1467 Cure.
1079 1433 1123 1466 τ.
1145 1421 1291 1479 3.87.
1331 1410 1428 1466 est:
1472 1414 1677 1484 aliquid
1714 1417 1862 1483 priua
1896 1417 1983 1466 oh-

194 1485 502 1545 trudamus,
547 1494 770 1555 pernam
810 1497 911 1537 etc.
954 1516 1025 1526 -
1062 1504 1228 1539 vnum
1274 1487 1378 1537 hoe
1415 1483 1531 1536 fieri
1569 1485 1751 1563 potest
1784 1517 1855 1527 -
1904 1494 1981 1538 18.

192 1567 380 1608 vtrum
415 1556 638 1608 domine
683 1574 751 1607 an
790 1556 921 1609 foris
954 1557 1227 1616 coenem?
1254 1586 1325 1596 -
1365 1559 1443 1607 26.
1480 1553 1800 1634 {fflictentur
1835 1575 1862 1608 a
1902 1557 1985 1609 fu·

194 1629 348 1682 ribus
371 1630 652 1681 nocturnis
674 1627 987 1698 spolientur,
1010 1629 1352 1679 obcidantur.
1411 1629 1514 1679 Alii
1537 1626 1894 1699 adflictentur
1914 1658 1988 1669 ·—

162 1717 280 1768 ,3¹·
314 1718 414 1766 per
457 1701 600 1751 hanc
644 1717 860 1753 coenam
907 1701 939 1749 fi
979 1701 1268 1758 nullaalia
1311 1714 1475 1750 coena
1521 1711 1699 1770 parata
1747 1701 1851 1750 tibi
1894 1700 1983 1759 est,

192 1787 356 1840 quam
390 1787 470 1830 ea,
521 1786 658 1842 quae
692 1770 845 1821 domi
887 1769 1090 1822 nostrae
1159 1772 1413 1827 arabitur,
1449 1772 1775 1823 incoenatus
1814 1771 1981 1823 hodie

191 1839 393 1893 esurie·
415 1871 486 1882 -
515 1860 530 1903 3
545 1860 591 1902 3.
617 1852 672 1891 te
696 1842 887 1908 lapide
907 1791 1207 1917 percuſj'Em
1229 1843 1391 1892 velim
1406 1843 1675 1894 Iuvenum
1702 1845 1983 1897 athenien·

190 1914 324 1964 sium
363 1911 703 1983 graffationes
733 1928 997 1984 perquam
1035 1928 1185 1964 erant
1226 1912 1555 1964 metuendae
1585 1943 1657 1953 -
1697 1916 1776 1975 36.
1811 1932 1984 1978 opera

187 1995 343 2039 vtere
363 1983 489 2036 dico
513 1985 615 2035 tibi
637 2001 858 2054 operam
884 2001 1081 2043 meam,
1117 1978 1283 2058 posce
1301 1984 1435 2054 quid
1452 2002 1543 2035 me
1558 1984 1735 2035 facere
1757 1987 1892 2036 velis
1912 2014 1983 2024 —

190 2072 276 2120 39.
302 2059 444 2107 inter·
472 2074 667 2108 cuneos
675 2047 904 2128 ferreos
931 2059 1072 2107 inter
1092 2074 1249 2125 quoe,
1283 2058 1431 2125 ligno
1457 2054 1718 2108 findendo
1742 2056 1979 2116 adactos,

170 2125 497 2178 'tenuissima
539 2138 751 2178 tantum
780 2130 916 2177 rima
958 2141 1133 2196 patet:
1183 2128 1272 2176 vel
1306 2130 1365 2177 in
1402 2126 1689 2179 arctissimo
1734 2129 1853 2179 loco
1893 2127 1981 2176 ad-

186 2199 445 2251 cumbere
481 2214 595 2248 non
632 2196 888 2250 recusabo
922 2229 994 2239 -—
1030 2216 1115 2261 4¹·
1159 2199 1413 2250 exorabo.
1453 2199 1746 2250 Gelasimus
1780 2200 1978 2249 intelli?

183 2270 291 2340 git:
325 2270 609 2330 conuiuas,
645 2280 722 2329 vt,
757 2282 810 2320 te
839 2271 1088 2338 adcepto,
1123 2272 1324 2320 arctius
1357 2270 1552 2321 cubare
1583 2287 1652 2321 ne
1680 2269 1979 2340 dedignen-

185 2351 292 2400 tur,
346 2343 400 2394 et
429 2341 851 2410 venijnteliigit
885 2342 1034 2394 GeL:
1086 2357 1229 2392 voco
1262 2354 1344 2400 te;
1391 2342 1553 2412 longe
1591 2358 1720 2392 vero
1761 2343 1862 2391 alia
1909 2341 1981 2391 est

125 2431 127 2436 ·
186 2414 407 2464 iuuenis
441 2410 774 2464 ludificantis
806 2429 961 2463 mens
994 2415 1050 2462 in
1087 2410 1389 2463 carcerem!
1417 2441 1482 2450 -—
1525 2429 1610 2476 4²·
1634 2414 1722 2463 hie
1751 2414 1890 2464 meis
1918 2416 1980 2462 in

188 2483 413 2535 aedibus
454 2483 722 2534 meliorem
766 2487 981 2551 genium
1022 2494 1173 2533 tuum
1215 2475 1547 2604 nond-acies.
1601 2482 1740 2534 Pers.
1764 2501 1807 2533 2.
1827 2503 1873 2545 3.
1897 2502 1975 2535 11.

185 2557 352 2624 genio
392 2565 489 2606 tuo
520 2570 647 2604 non
679 2555 848 2605 multa
886 2557 1027 2606 bona
1067 2554 1248 2605 facies.
1374 2571 1448 2605 or.
1471 2572 1515 2614 3.
1559 2554 1647 2604 od.
1685 2571 1758 2604 ιν.
1810 2572 1865 2604 v.
1896 2571 1973 2616 ¹4·

182 2628 410 2696 genium
445 2640 560 2677 non
593 2626 808 2677 curabis
846 2655 918 2666 ·--
960 2645 1158 2685 eamus,
1197 2637 1259 2675 tzc
1282 2624 1479 2696 Epign.
1532 2625 1666 2676 dicit
1703 2624 1866 2676 fratri.
1904 2654 1978 2663 —-

184 2703 251 2758 48
283 2697 351 2762 ad
381 2713 457 2760 ςο.
483 2713 634 2749 nunc
673 2696 895 2747 tandem
926 2711 1107 2765 aperte
1134 2696 1283 2753 dicit,
1321 2694 1377 2746 se
1406 2696 1619 2747 miss'um
1645 2697 1975 2747 Gelasimum

182 2765 382 2826 facere,
430 2765 607 2824 causa„
653 2783 749 2818 cur
775 2786 901 2818 eum
943 2769 1092 2819 abire
1125 2769 1326 2826 iubeat,
1373 2767 1572 2825 addita,
1622 2767 1771 2835 quod
1812 2784 1972 2835 porro

184 2852 300 2902 rem
351 2836 678 2890 familiarem
718 2841 990 2908 negligere
1034 2838 1174 2890 nolit
1208 2867 1280 2877 —
1317 2845 1403 2897 48.
1440 2850 1541 2888 tua
1563 2830 1827 2909 felicitas
1866 2854 1974 2907 qua

187 2911 414 2977 inpertit
436 2926 549 2969 eos,
583 2910 679 2978 qui
702 2911 808 2960 tibi
836 2909 887 2959 se
918 2909 1284 2961 comedendos
1309 2912 1714 2976 permittant—
1746 2926 1831 2970 49.
1861 2927 1971 2958 rem

186 2973 557 3051 confregimus
600 2981 973 3049 ptodegimus.
1063 2982 1155 3030 Sic
1183 2981 1339 3031 Trin.
1364 2999 1404 3030 ι.
1430 2999 1473 3029 2.
1491 2997 1550 3039 71
1578 2978 1651 3048 sq.
1691 2979 1972 3048 postquam

186 3043 301 3100 rem
326 3043 594 3123 corffregit
617 3081 688 3090 —
733 3070 811 3110 30.
842 3052 1132 3102 Gelasimus
1168 3049 1313 3100 fuisti
1345 3052 1506 3108 mihi,
1541 3052 1634 3119 qui
1664 3062 1719 3100 te
1754 3052 1973 3118 praebe·

187 3137 270 3170 res
294 3119 687 3182 deridendurri;
727 3121 817 3171 sed
847 3123 971 3172 nolo
999 3133 1054 3171 te
1077 3121 1356 3195 nzilzifieri
1390 3120 1844 3193 Catagelasimum
1875 3123 1972 3189 qui

184 3208 276 3241 me
303 3190 474 3259 ipsum
497 3194 816 3243 hominibus
847 3193 1206 3244 deridendum
1234 3195 1507 3260 praebeas,
1546 3194 1841 3242 voracitate
1876 3205 1971 3241 tua

186 3263 252 3313 ad
277 3274 647 3332 paupertatem
664 3275 999 3333 pertractum
1026 3293 1100 3304 -—
1123 3283 1147 3329 ς
1164 3281 1207 3316 1.
1238 3268 1426 3317 Iamne
1442 3262 1625 3337 abissi
1640 3264 1969 3332 Epignomo,
