2144 3554
234 205 351 261 314
892 212 964 258 m
1024 213 1336 260 Psrzvnom

229 349 352 398 Ter.
387 347 590 407 Eun.4.
614 363 655 405 ς.
678 363 718 408 3.
759 356 853 398 nec
887 366 1002 413 pes,
1040 362 1142 398 nec
1183 364 1366 409 mens,
1420 349 1540 402 satie
1573 348 1736 427 situm
1770 348 1999 428 officium

210 413 390 496 facit.
486 415 799 468 Notissimus
837 417 907 466 est
941 420 1291 468 Taubmanni
1329 422 1518 487 ipsius,
1573 426 1737 482 ebrii,
1790 425 2000 478 versus:

228 490 298 540 sta
327 506 437 558 pes,
472 487 541 538 sta
569 490 736 557 bipes,
775 488 862 546 sta,
900 507 1002 539 nec
1037 491 1318 540 conlabere
1342 494 1419 541 mi
1445 508 1538 561 pes
1570 523 1641 533 --
1677 513 1725 556 4.
1761 499 2003 561 pergitin

226 579 455 628 pergere
487 562 737 609 vacillare
785 589 856 598 -——
900 578 994 627 pro
1016 557 1371 635 saeuiendum
1410 567 1674 633 reperitur
1717 550 2009 617 nonn'ullios

225 634 288 682 in
318 631 474 683 codd.
511 627 817 702 sedendum,
860 629 1164 681 Gronovius
1197 648 1326 684 vero
1352 635 1473 684 vult
1501 637 1805 687 cauendum.
1875 636 2000 688 Vul-

225 715 404 773 gatam
444 703 634 751 Lamb.
672 702 924 770 explicat:
971 703 1170 751 minari
1201 719 1328 753 eum
1366 707 1597 772 pedibus
1637 707 1745 758 suis
1764 710 2001 766 walum,

226 775 375 842 quod
419 774 491 821 ita
525 773 794 822 vacillent.
834 801 904 810 --
945 773 991 823 6.
1031 774 1197 839 pedes
1232 785 1429 840 captat
1457 775 1599 847 Virg.
1632 772 1826 847 Georg.
1850 799 1894 829 2.
1915 797 1998 842 94.

227 846 295 897 de
328 860 463 894 vua:
520 854 801 893 tentatura
840 844 1009 908 pedes
1055 845 1200 902 olim,
1255 847 1608 916 vincturaque
1647 847 1891 919 linguam
1929 879 2002 888 --

224 933 275 981 7.
314 917 448 966 abeo
500 909 763 990 madnlsa.
858 913 1061 966 Festus:
1127 911 1403 998 nzadzeffa,
1466 918 1754 978 ebriussa
1797 921 2000 971 Graeco

220 986 391 1053 μαδεξῖν
425 985 749 1044 deductum,
793 986 882 1034 vel
915 987 1040 1054 quia
1079 986 1139 1035 fit
1174 985 1424 1038 mad-idus
1459 988 1591 1041 vino
1625 1020 1697 1028 —
1728 1008 1823 1058 pro
1867 992 2001 1046 abeo

220 1059 432 1127 Lipsius
477 1058 607 1106 vult·
638 1057 843 1119 ᾔαὸεος
905 1057 1074 1122 probe
1129 1052 1334 1110 habeo:
1397 1063 1584 1129 pulcre
1630 1063 1772 1111 mihi
1819 1060 1889 1110 est
1932 1089 2003 1102 —-

224 1135 275 1180 8.
302 1131 453 1178 victu
485 1139 747 1179 excurato
767 1128 933 1177 lauto.
964 1148 966 1151 ’
999 1125 1114 1180 Cas.
1138 1147 1181 1188 3.
1202 1129 1249 1180 6.
1270 1132 1316 1180 6.
1360 1130 1539 1197 lepide
1571 1142 1867 1182 eat-curatus
1893 1132 1927 1182 i.
1951 1149 1999 1183 e.

223 1198 514 1266 opsonatus
560 1230 631 1238 -
683 1200 969 1251 mundiciis
1029 1215 1078 1257 ς.
1109 1217 1151 1250 2.
1187 1217 1231 1249 2.
1285 1216 1413 1252 cum
1464 1219 1682 1254 corona.
1732 1205 1894 1269 digne
1943 1213 2006 1252 vt

222 1273 436 1324 ebrium
466 1271 621 1330 decet
643 1297 714 1309 —-—
736 1269 837 1319 ah!
874 1267 984 1337 ipse
1010 1269 1103 1318 fibi
1124 1270 1338 1339 plaudit
1370 1301 1441 1312 -—
1478 1291 1525 1334 9.
1562 1276 1616 1323 in
1646 1275 1764 1324 loco
1780 1269 1998 1347 festino

219 1344 441 1414 popina,
476 1335 684 1416 festiue
726 1341 804 1389 ibi
850 1341 997 1388 enim
1036 1341 1204 1391 Poen.
1223 1357 1271 1402 4.
1295 1360 1338 1393 2.
1364 1361 1441 1404 13.
1479 1346 1702 1403 bibitur,
1756 1345 1894 1395 estur
1929 1373 2001 1383 —

224 1432 308 1476 ις.
335 1415 409 1463 16.
446 1414 677 1480 bilingui
709 1404 995 1484 manifesfo
1020 1414 1366 1476 prehendunt
1395 1416 1860 1474 κατανλωττί-ἴουσι
1886 1415 2003 1465 vid.

218 1486 359 1538 Afin.
381 1502 425 1545 3.
450 1503 492 1542 3.
517 1500 629 1546 105.
663 1513 735 1525 ν·-
780 1484 856 1532 16.
886 1499 960 1538 17.
988 1481 1084 1531 vbi
1109 1501 1346 1532 mamma
1372 1487 1646 1534 manicula
1677 1487 2006 1551 obprimitur

220 1557 338 1607 alia
385 1554 496 1605 vid.
521 1572 564 1604 1.
602 1572 641 1603 ῐ.
670 1556 753 1604 61.
800 1553 1124 1620 papillarum
1171 1550 1650 1621 obpressmnculae.
1714 1557 1854 1606 Rud.
1872 1574 1919 1617 4.
1951 1572 2008 1617 4.

221 1646 281 1678 12
299 1645 340 1688 ς.
380 1625 516 1674 duae
541 1637 814 1678 connexae
838 1624 1155 1675 maniculae.
1230 1625 1503 1676 Boxborn.
1530 1628 1745 1677 volebat
1769 1645 2002 1679 mamma

216 1695 559 1748 mammicula
607 1697 720 1746 alia
772 1694 931 1744 altera
984 1696 1194 1762 puellae
1239 1713 1476 1746 mamma
1527 1715 1809 1748 mammae
1847 1701 2002 1766 alteri-

218 1766 653 1838 obpreffiuncula
679 1766 1036 1816 admoneatur
1070 1796 1141 1805 -—
1182 1773 1256 1815 18.
1286 1767 1446 1817 manu
1464 1771 1707 1819 candida
1723 1769 2002 1838 duplicem

217 1841 513 1906 dicityvini
549 1839 648 1889 effe
690 1836 1074 1894 dulcedinem.
1102 1836 1328 1887 candida
1372 1841 1575 1890 amicae
1611 1856 1778 1890 manu
1818 1843 2002 1908 propi-

146 1921 154 1929 ‘
215 1914 333 1962 nati
372 1940 444 1952 -—-
493 1929 570 1962 21.
613 1908 817 1959 Festus:
857 1903 1096 1983 lemnisci
1128 1906 1251 1956 sunt
1287 1907 1538 1960 fasciolae
1576 1927 1875 1979 purpureae
1910 1911 1997 1962 de-

213 1982 519 2055 pendentes
563 1997 625 2030 ex
671 1981 904 2031 coronis.
1012 1980 1269 2029 solebant
1309 1982 1459 2031 enirn
1504 1995 1716 2033 veteres
1774 1998 2003 2034 coronas

217 2056 439 2112 donare,
486 2051 663 2102 fasciis
702 2054 872 2101 laneis
917 2067 981 2100 ex
1021 2068 1259 2119 purpura
1299 2052 1554 2122 adligatas
1594 2083 1665 2117 -ε
1713 2071 1791 2103 22.
1820 2055 2001 2119 parci-

210 2128 392 2194 promi
437 2125 530 2194 qui
563 2139 718 2191 parce
757 2132 1032 2191 promunt.
1099 2122 1263 2172 Truc.
1289 2140 1326 2174 1.
1351 2142 1394 2173 2.
1419 2131 1502 2174 81.
1539 2126 1635 2193 qui
1669 2140 1792 2174 cum
1824 2126 2001 2193 geniis

214 2198 323 2248 suis
348 2198 670 2265 belligerant
694 2190 1045 2261 pat-cipromi>
1067 2222 1137 2233 ··-
1178 2211 1198 2242 z
1213 2210 1257 2253 3.
1295 2197 1586 2264 prothyme
1611 2194 1882 2262 προθύμως
1909 2196 2000 2245 be-

212 2271 399 2336 nigne,
444 2277 656 2336 promte
677 2294 748 2305 ·-
791 2271 868 2315 28.
899 2267 975 2314 ad
1007 2266 1145 2313 hunc
1172 2265 1388 2314 modum
1417 2265 1680 2321 δεικτικῶς.
1708 2267 1768 2314 in
1792 2265 2000 2334 prosce-

212 2343 310 2392 nio
335 2349 562 2390 conatur
588 2341 661 2387 ita
685 2336 883 2395 saltare,
922 2347 980 2385 vt
1010 2337 1068 2383 in
1094 2327 1294 2402 po'pina
1313 2333 1587 2386 saltauerit
1620 2365 1691 2373 -—
1729 2356 1810 2385 me
1835 2338 2000 2388 intuli

214 2423 386 2462 artem
410 2425 589 2460 meam
613 2406 835 2459 ostendi.
908 2407 996 2456 Sic
1020 2404 1175 2474 supra
1209 2426 1256 2463 4.
1284 2425 1321 2455 ι.
1340 2424 1387 2467 7.
1420 2406 1708 2475 magnifice
1732 2401 2018 2484 infertses

212 2482 337 2532 Mil.
355 2501 402 2543 4.
427 2500 469 2531 z.
492 2497 570 2543 54.
602 2479 788 2536 viden,
824 2490 885 2527 vt
900 2472 1026 2553 sese
1058 2471 1297 2549 inferat;
1347 2489 1579 2548 Vtroque
1621 2480 1742 2528 loco
1763 2478 1794 2528 τ’
1832 2478 1998 2529 osten-

217 2554 345 2603 dere
379 2554 514 2610 vult,
551 2549 604 2599 se
635 2567 748 2601 non
786 2549 884 2599 effe
916 2548 1276 2617 spernendum
1307 2578 1378 2589 -—
1415 2568 1484 2598 ex
1518 2545 1806 2625 disciplina
1835 2552 2001 2617 expli-

213 2637 369 2676 catur
404 2624 578 2673 statim
615 2621 993 2692 sequentibus:
1047 2620 1250 2688 quippe
1288 2621 1382 2687 qui
1417 2621 1585 2689 probe
1627 2619 1895 2688 perdidici
1926 2650 1998 2662 --
2072 2683 2081 2698 ‚
2122 2623 2134 2631 ‘

218 2714 300 2754 29.
351 2697 545 2746 Ionica
603 2692 907 2743 saltationis
955 2706 1127 2759 genus
1191 2693 1440 2759 petulans
1499 2705 1552 2742 et
1607 2692 1996 2758 voluptarium.

213 2768 351 2818 Hor.
375 2786 418 2827 3.
449 2781 609 2816 carm.
629 2768 676 2814 6.
703 2781 757 2812 v.
782 2780 859 2812 21.
891 2775 1074 2812 motus
1101 2760 1282 2812 doceri
1317 2763 1515 2829 gaudet
1542 2764 1752 2812 ionicos
1787 2773 1996 2816 matura

211 2840 365 2906 virgo
403 2867 473 2875 ——-
505 2835 836 2902 palliolatim
874 2833 1144 2883 Camerar.
1177 2834 1375 2900 reperit
1405 2834 1763 2899 palliotatim‚
1786 2834 1992 2884 'Lamb.

210 2908 559 2975 palliolatus.
632 2905 903 2954 Tunicam
926 2905 1268 2970 palliolatam‚
1309 2899 1549 2954 virorum
1576 2905 1998 2972 mulierumque,

212 2979 564 3032 Casaubonus
610 2975 763 3029 fuisse
798 2974 947 3026 dicit
981 2974 1214 3024 mixtum
1249 2974 1404 3025 vestis
1447 2990 1636 3044 genus,
1683 2985 1997 3044 Vtrumque,

215 3054 436 3103 tunicae
471 3064 525 3100 et
554 3048 707 3116 Pallii
744 3045 900 3096 Vsum
942 3044 1202 3114 praestans
1244 3073 1315 3085 -—
1356 3065 1433 3106 30.
1473 3046 1752 3111 plaudunt
1791 3049 1997 3114 partim

213 3140 328 3173 non
363 3137 570 3171 omnes.
607 3121 707 3187 pro
742 3119 951 3184 partim
978 3116 1094 3166 ΜΠ.
1127 3116 1351 3185 quidam
1391 3129 1444 3166 et
1483 3117 1604 3166 edd.
1633 3118 1780 3185 vulg.
1810 3119 1998 3185 legunt

211 3213 407 3262 parum
456 3221 527 3229 --
575 3186 864 3239 ¹clamitant
905 3208 987 3238 me
1023 3187 1219 3237 iubent
1259 3203 1364 3236 me.
1464 3187 1555 3237 Sic
1595 3187 1798 3238 Afin.2.
1830 3205 1876 3248 3.
1916 3205 1993 3236 10.

214 3267 506 3314 ianitorem
548 3260 741 3311 clamat
782 3288 854 3300 -—
902 3270 969 3308 vt
1016 3268 1264 3308 reuortar
1309 3255 1646 3309 saltationem
1689 3262 1879 3309 iterem
1923 3286 1994 3294 -

219 3354 241 3398 3
262 3356 300 3386 1.
335 3335 527 3400 obcepi
563 3333 735 3383 denuo
774 3328 1065 3381 instauraui
1095 3328 1434 3381 saltationem
1467 3358 1538 3371 .--
1576 3331 1683 3380 hoc
1717 3331 1878 3380 modo
1918 3329 1994 3377 io-
