2144 3554
235 114 349 170 166
780 122 877 177 ‚JN
947 124 1420 178 cisrrttAmtn

238 260 478 336 qlflixero
511 260 782 312 obeidero.
811 259 944 309 Arm.
972 276 1085 317 4η.
1111 276 1160 324 9.
1183 288 1253 300 --
1278 276 1356 322 ς9.
1385 269 1437 308 et
1460 258 1601 308 illud
1619 278 1796 324 paueo
1825 277 2010 313 amens

234 333 652 385 Alcefin‘narchus
698 349 765 381 ne
814 331 944 398 quid
980 328 1168 387 faciat,
1228 341 1280 382 et
1323 332 1423 380 hoc
1448 328 1705 402 formido
1748 332 1881 401 quid
1918 334 2012 384 hie

244 403 480 462 adferat,
529 405 623 471 qui
661 403 872 453 cursum
920 402 1031 450 huc
1064 401 1365 466 contendit.

572 506 659 555 IN
719 504 988 554 Acrvs
1043 504 1118 553 11.
1193 484 1541 554 SCEN'AM
1597 505 1667 554 11.

311 578 313 580 ’
347 597 391 632 1.
426 580 610 629 ‘Anum'
643 578 851 632 lenam,
907 574 1178 639 Gymnalii
1209 585 1438 624 matrem
1470 603 1540 612 -—
1598 592 1639 623 z.
1667 568 2016 648 mfferrirnam

240 648 407 698 habui
465 647 656 697 'misere
707 647 949 714 cupienti
988 643 1221 717 effugere
1269 645 1636 712 percontando
1683 661 1795 694 non
1840 644 2016 694 destiti

243 717 434 767 i'nst‘are
468 717 539 757 -'
595 715 768 789 3.]ἰῖὶί
803 717 1147 766 moderatrix
1169 711 1299 785 fra}
1345 716 1561 784 linguae
1601 714 1798 766 sciebat
1832 716 2033 765 mode-s

239 790 370 845 rari,
410 807 478 838 ne
516 790 785 839 excideret
823 788 900 844 ei,
951 785 1417 854 quodprodidiss'e
1451 787 1620 837 nollet
1645 816 1716 824 -
1769 783 2016 836 inmemo-

243 859 439 908 rabilz's
473 877 610 929 quae
643 862 699 907 in
727 858 1049 907 memoriam
1079 858 1130 906 ei
1158 855 1696 916 vsolebarn‘reuocare⁹
1732 855 1783 905 fe
1808 855 2018 924 prorsus

243 922 693 980 non'ffiieminiffe
724 929 982 979 similabat
1001 959 1070 967 --
1116 943 1158 987 ς.
1190 919 1502 993 ddrrzoenire
1533 927 1795 998 oppidum
1825 925 2018 977 Pseud.

251 1018 294 1049 1.
331 1020 374 1058 5·
415 1020 522 1059 150.
567 1000 664 1049 est:
709 1001 984 1048 machinas
1012 997 1301 1048 admouere
1342 997 1543 1066 oppido
1583 995 1873 1066 capiendo;
1910 998 1965 1046 h.
1985 998 2021 1047 1.

247 1070 371 1119 dolo
416 1088 529 1121 eam
570 1087 772 1140 capere,
819 1070 1043 1119 fallaciis
1076 1070 1496 1118 tacittimitatern
1528 1068 1642 1118 eius
1682 1065 1926 1135 superare
1954 1095 2027 1106 --

248 1144 297 1191 6.
335 1153 401 1190 vt
438 1144 658 1200 diceret,
699 1158 841 1209 quae
874 1140 1056 1191 seruus
1090 1138 1247 1189 scena
1275 1139 1350 1207 sq.
1389 1140 1548 1188 herae
1583 1139 1836 1188 narrabit.
1878 1139 2028 1191 dolio.

243 1213 366 1261 vini
406 1214 547 1262 nihil
599 1212 777 1264 fuiffet
825 1211 1212 1279 exsculptum&
1299 1210 1577 1259 Veriorem
1627 1208 1866 1267 causam,
1923 1226 2029 1281 qua

247 1298 381 1332 anus
415 1297 560 1335 mota
596 1301 710 1334 rem
750 1282 1006 1351 prodidit,
1048 1283 1175 1331 vide
1209 1282 1265 1330 in
1301 1279 1457 1331 scena
1488 1297 1510 1341 3
1555 1297 1583 1330 a
1617 1278 1775 1329 versu
1805 1297 1886 1343 ²4·

359 1430 362 1431 a
557 1386 642 1449 IN
703 1386 974 1438 ACTVS
1038 1389 1116 1437 II.
1189 1384 1537 1435 SCENAM
1592 1385 1708 1434 ΙΙΙ.

355 1454 620 1505 Melaenis
661 1458 726 1506 ad
770 1456 986 1506 versum
1026 1475 1078 1517 52
1121 1473 1183 1505 ex
1227 1456 1445 1508 obculto
1481 1454 1786 1510 sermonem
1819 1454 2032 1505 Phano-

252 1524 434 1574 stratae
478 1538 531 1575 et
571 1527 908 1595 Lampadisci
945 1540 1148 1593 captat,
1195 1538 1276 1581 et,
1330 1542 1468 1595 quae
1516 1526 1735 1576 interibi
1760 1526 2030 1594 eloquitur,

249 1591 493 1664 loquitur
530 1595 708 1648 secum
745 1629 818 1653 .--
864 1617 908 1661 3.
939 1601 1082 1666 (ago)
1125 1597 1272 1665 quod
1306 1597 1554 1662 gaudeas
1587 1597 1788 1647 laetum
1830 1597 1931 1645 tibi
1966 1596 2035 1645 de

252 1665 360 1734 filia
402 1681 491 1733 tua
531 1668 711 1728 adfero
759 1671 1015 1719 nuntium
1052 1698 1122 1709 --
1171 1685 1217 1725 7.
1261 1669 1657 1733 hippodromus
1703 1669 2036 1717 curriculum
2083 1728 2085 1733 f

256 1754 536 1804 equorum,
573 1740 771 1798 vbide
803 1741 1120 1806 pernicitate
1150 1737 1330 1788 cursus
1366 1750 1615 1796 certatur,
1655 1739 1782 1788 citra
1821 1753 2035 1806 pugnae

254 1810 594 1862 {imulacrurn
620 1840 692 1850 --
745 1806 955 1886 9.salit
985 1811 1207 1879 palpitat
1235 1839 1305 1846 »-
1360 1827 1432 1869 ¹3.
1466 1811 1680 1864 vtinam
1704 1820 1789 1866 tu,
1824 1810 2035 1859 Phano-

253 1878 424 1939 strata,
447 1883 636 1931 audire
666 1899 770 1932 non
797 1901 995 1949 queas-
1016 1911 1087 1920 -—
1125 1883 1187 1930 ln
1216 1880 1450 1930 versibus
1490 1896 1564 1941 14.
1597 1897 1679 1941 ις,
1707 1880 1870 1929 verba
1900 1896 2036 1928 non·

255 1950 405 2011 nulla
445 1951 663 2020 adparet
704 1953 1060 2010 intercidiss'e,
1104 1969 1238 2019 qnae
1273 1951 1365 2000 alii
1402 1952 1554 2001 aliter
1591 1952 1772 2001 conati
1801 1948 1921 1998 sunt
1954 1966 2037 1999 ex-

255 2022 434 2089 plere3
481 2021 730 2072 historiae
773 2036 953 2072 autem
990 2023 1275 2092 particula,
1331 2039 1464 2090 quae
1506 2038 1632 2071 curn
1667 2021 1845 2071 verbis
1881 2021 2036 2071 fimul

255 2092 445 2160 periit,
483 2094 547 2143 ab
589 2096 990 2162 interpretibus,
1033 2111 1166 2162 quos
1209 2091 1336 2149 scio,
1373 2093 1614 2161 neglecta
1655 2090 1764 2142 fere
1802 2091 2034 2143 videtur.

258 2163 490 2222 Seruum
517 2164 735 2232 adparet
764 2165 829 2212 ad
857 2165 1069 2216 versum
1099 2179 1270 2232 vsque
1312 2180 1363 2211 21
1407 2165 1569 2214 verba
1600 2162 1664 2212 ad
1691 2163 2038 2228 Gymnasium

255 2231 450 2291 facere,
488 2236 734 2285 eamdem
766 2252 882 2284 eam
913 2236 1013 2285 else
1041 2245 1340 2304 putantem,
1372 2251 1552 2302 quam,
1590 2252 1618 2284 a
1644 2232 1696 2283 se
1729 2234 2034 2303 expolitam,

258 2319 289 2352 a
316 2301 470 2353 [ena
511 2306 719 2355 viderat
766 2305 980 2356 auferri.
1054 2306 1230 2366 ¹Hanc
1280 2321 1408 2354 vero
1457 2306 1653 2374 quibus
1709 2305 1766 2355 in
1812 2304 2036 2367 aedibus

259 2377 561 2427 conuenit?
629 2391 681 2427 et
720 2394 823 2444 qua
878 2395 936 2427 re
985 2376 1239 2443 deceptus
1293 2377 1579 2444 expolitam
1627 2374 1805 2432 istam,
1875 2380 2039 2443 quam

260 2449 564 2514 quaerebat,
605 2464 721 2498 earn
747 2448 864 2505 effe,
906 2446 1220 2515 persuadere
1250 2448 1341 2497 fibi
1367 2448 1584 2516 potuit?
1638 2449 1780 2497 Lena
1811 2447 2035 2513 quidem

263 2533 291 2565 a
317 2518 522 2568 Silenio
549 2533 775 2577 exorata,
805 2532 865 2568 vt
888 2520 1231 2583 Gymnasium
1261 2518 1402 2584 apud
1432 2508 1500 2576 se,
1520 2518 1826 2568 abfuturam
1855 2517 2038 2574 domo,

261 2588 507 2641 triduum
558 2590 763 2641 seruare
806 2602 1077 2656 pateretur
1122 2606 1161 2640 1.
1198 2606 1238 2639 1.
1278 2593 1366 2637 106
1395 2587 1534 2658 sqq„
1593 2588 1756 2639 filiam
1783 2590 1841 2635 in
1879 2588 2038 2637 aedes

265 2661 383 2708 eius
440 2674 487 2709 1:
518 2678 560 2711 1.
596 2678 705 2727 ¹²!-
763 2678 898 2729 quae
949 2660 1319 2711 Alcesimarchi
1374 2659 1530 2710 aedes
1587 2671 1738 2709 erant
1786 2674 1834 2720 4.
1874 2678 1919 2709 2.
1951 2665 2036 2718 87.

266 2731 413 2779 intro
443 2731 587 2782 abire
637 2730 852 2782 iufferat
871 2769 884 2789 ‚
926 2744 978 2781 et
1008 2731 1202 2781 deinde
1231 2733 1291 2780 in
1316 2733 1403 2780 via
1432 2729 1586 2782 scena
1622 2749 1666 2781 2.
1709 2731 1943 2798 apertius
1970 2728 2039 2780 ad

265 2796 589 2868 spectatores
622 2821 676 2852 v.
702 2804 779 2852 26.
817 2803 1058 2870 loquuta,
1099 2803 1209 2855 abit
1239 2821 1292 2849 v.
1320 2817 1396 2858 ²9·
1439 2802 1682 2859 domum,
1705 2801 1867 2870 quod,
1891 2799 2044 2850 nude

263 2871 522 2939 positum,
561 2872 658 2923 est:
723 2873 948 2922 domum
994 2872 1160 2924 suam.
1233 2873 1427 2922 Silenii
1467 2889 1598 2923 vero
1641 2875 1701 2922 in
1733 2871 1888 2922 aedes
1922 2888 2038 2921 non

265 2943 339 2991 ita
378 2943 567 2991 multo
597 2942 710 3012 post
748 2942 1013 2994 reuersam
1067 2954 1280 3012 oportet
1324 2942 1449 3000 effe,
1500 2961 1624 2993 nam
1674 2942 1849 2993 claues
1896 2941 2039 2991 filiae

251 3006 463 3060 Tciebat
492 3015 710 3063 traditas
754 3032 792 3065 ι.
829 3033 867 3063 ι.
908 3032 1017 3075 1¹3·
1054 3029 1130 3074 vt,
1166 3013 1431 3083 quidquid
1455 3013 1586 3064 ,effet
1612 3014 1847 3073 libitum,
1874 3013 2042 3082 poffet

264 3097 527 3151 promere.
601 3087 820 3134 Dixerat
856 3097 1038 3136 autem
1079 3104 1120 3136 ι.
1158 3103 1199 3135 1.
1238 3091 1320 3139 46.
1375 3082 1541 3134 filiam
1588 3096 1748 3135 nocte
1796 3085 2047 3153 proximas

268 3166 592 3221 nupturam:
633 3173 816 3223 quare.
844 3173 911 3206 ne
937 3156 1132 3207 damno
1163 3155 1475 3206 adficeretur
1508 3173 1549 3206 1.
1581 3173 1622 3204 1.
1650 3162 1758 3213 108,
1785 3154 1891 3223 ipsa
1919 3155 2044 3220 init,

264 3224 338 3285 ⁵ad
384 3237 673 3278 amatorem
722 3224 890 3288 filiae,
950 3244 1059 3299 quo
1094 3229 1335 3285 veniret,
1389 3227 1669 3279 certiorem
1708 3225 2036 3280 faciendum.
