2144 3554
245 182 366 238 '234
792 177 864 221 m
913 172 1480 221 MENAECHMORVM
1543 229 1547 239 '

246 316 448 368 nodum
491 314 546 363 in
586 306 771 386 scirpo
817 309 1071 378 quaerere
1111 309 1210 359 est:
1269 324 1510 361 mentem
1555 310 1705 362 suam
1738 323 2022 376 numerare,>

247 389 345 439 vbi
391 401 528 455 opus
578 398 691 432 non
729 379 814 430 est.
888 383 1014 430 Ter.
1054 381 1217 430 Andr.
1242 398 1351 445 5.4.
1376 397 1453 444 39.
1503 410 1574 421 --
1601 401 1703 444 '23-
1739 384 2020 458 historiam

246 459 527 526 Periplum
561 483 631 492 —
672 472 690 500 2
710 470 750 511 ς.
779 463 871 500 tuo
897 451 1054 500 modo
1079 462 1139 498 vt
1163 452 1528 519 obtemperem
1556 454 1659 503 tibi
1686 483 1757 493 ——
1790 459 1867 505 26.
1897 458 2022 507 illoc

246 529 446 580 verbo:
486 526 767 575 discanens
791 518 960 570 malo!
1013 521 1159 590 qnod
1183 525 1488 574 minitantis
1518 523 1615 574 est:
1652 528 1888 594 grauiter
1909 544 2025 576 mo·

247 597 431 656 nuisti,
468 613 556 646 me
591 593 691 644 effe
727 591 940 643 seruum
971 602 1130 642 tuum
1163 622 1234 631 —
1285 612 1364 654 30.
1403 598 1660 645 viaticati
1691 595 2027 670 assiue‘exi-

247 687 359 741 guo
387 669 588 718 viatico
621 663 878 715 instructi.
953 662 1156 713 Aestate
1189 665 1338 713 enim
1370 669 1552 715 minus
1582 669 1840 734 temporis
1864 684 2024 737 pecu-

247 743 479 808 niaeque
543 739 603 785 in
657 737 869 785 itinera·
905 732 1154 784 facienda
1205 736 1618 803 impendendum
1685 736 1783 788 est:
1862 757 2025 808 quam

246 814 430 863 hieme
479 838 550 848 —-
599 824 679 868 35.
727 807 998 872 palpator
1044 807 1141 873 qui
1188 807 1487 873 palpando,
1545 809 1878 859 blandiendo
1936 811 2024 859 de.

246 883 384 949 cipit
420 910 490 920 -
530 885 609 940 38.
654 879 970 944 Epidamno
1012 891 1218 926 nomen
1247 879 1393 929 vrbis
1425 881 1783 950 compositum
1816 882 2024 933 iocatur

249 952 351 1005 effe
376 970 442 1003 ex
472 950 700 1003 vocibus
726 948 805 1000 ἐπὶ
845 961 897 999 et
930 942 1200 998 damnum.

587 1090 674 1141 IN
739 1088 1007 1140 ACTVS
1057 1091 1130 1140 II.
1217 1087 1561 1140 SCENAM
1611 1092 1685 1143 11.

358 1181 438 1214 12.
478 1162 737 1213 Mess'enio
777 1162 1034 1230 intelligit
1070 1162 1137 1211 de
1174 1161 1459 1228 peniculo,
1509 1160 1732 1233 spongia
1776 1165 2025 1234 oblonga,

247 1253 356 1308 qua
399 1234 811 1303 extergebantur
847 1233 1042 1282 baxeae
1080 1251 1136 1283 v.
1161 1250 1203 1282 2.
1232 1247 1379 1293 3.40.
1430 1260 1502 1269 --
1566 1251 1643 1295 14.
1683 1253 1901 1286 numero
1946 1237 2028 1284 ni-

246 1309 424 1358 mium
468 1307 595 1357 cito.
639 1304 750 1354 vid.
792 1302 1146 1364 Cas.3.5.21.
1185 1330 1256 1340 ——-
1304 1304 1379 1352 16.
1406 1298 1601 1378 sacres
1647 1308 1868 1374 antique
1901 1321 2028 1374 pro:

245 1377 398 1431 sacri.
435 1378 591 1443 porci
607 1371 801 1451 sacres
822 1373 1029 1449 sinceri
1064 1374 1217 1441 puri,
1262 1375 1602 1442 integerrimi
1643 1389 1803 1447 atque
1845 1377 1911 1426 ad
1957 1377 2028 1426 sa·

247 1448 516 1499 orificium
554 1447 742 1496 idonei
778 1475 846 1483 -—-—
898 1460 971 1505 17.
1010 1448 1162 1509 piari
1198 1443 1456 1495 sacrificio
1496 1470 1568 1483 -ε
1619 1464 1697 1498 2ο.
1721 1466 1799 1497 21.
1845 1449 2027 1516 Cylin-

247 1521 399 1570 drus.
439 1535 689 1588 graecum
725 1536 760 1585 γ
800 1534 828 1565 a
856 1517 1118 1565 Romanis
1152 1511 1336 1583 pasfim
1368 1515 1681 1583 vsurpatum
1715 1517 1813 1576 est,
1858 1526 1920 1568 vt
1959 1519 2030 1566 la-

243 1592 426 1640 tinum
463 1609 513 1640 u.
599 1589 820 1655 Coquus
852 1589 1017 1654 igitur
1056 1587 1086 1634 fi
1122 1588 1504 1654 pronuntiauit
1544 1589 1869 1649 Culindrus,
1913 1589 2029 1638 Me-

245 1662 542 1713 naechmus
581 1675 786 1710 nomen
826 1660 976 1714 ioco,
1018 1656 1227 1708 sordido
1271 1657 1525 1726 quidem,
1573 1659 1785 1711 deriuat
1823 1677 1850 1709 a
1876 1660 2027 1710 culus
2083 1687 2086 1691 ·
2140 1671 2144 1690 ‘

245 1733 452 1803 podex,
490 1743 543 1782 et
582 1730 730 1780 addit
756 1723 861 1805 sea
906 1729 1226 1782 Coliendrns
1267 1731 1359 1792 (fic
1399 1732 1548 1779 enim
1590 1747 1716 1782 cum
1759 1732 2027 1785 Lambino

245 1802 403 1872 posui
438 1818 534 1871 pro
586 1803 942 1864 Coriendrus)
990 1816 1018 1848 a
1056 1800 1236 1850 colem
1272 1799 1544 1854 testiculus
1586 1831 1656 1839 —
1695 1802 2027 1871 exspectatur

246 1877 540 1926 nomineris
574 1889 672 1942 pro
717 1889 824 1940 quo
862 1873 1118 1937 perieris,
1170 1871 1345 1939 ἔῤῥοις,
1382 1889 1494 1921 non
1527 1873 1632 1922 fine
1666 1872 2026 1924 exsecratione

246 1945 362 2004 (lira
388 1975 483 1995 ⁴-—
537 1952 616 2004 23.
659 1960 756 2011 pro
803 1953 1013 1992 tantum
1053 1941 1267 1992 Pistoris
1304 1945 1527 1993 mauult·
1556 1954 1753 1994 tamen.
1839 1945 1896 1994 Si
1940 1944 2028 1994 de·

241 2016 434 2067 fendas
475 2025 716 2073 tantum,
757 2014 828 2062 est
866 2010 1070 2064 forsan:
1122 2012 1188 2063 de
1233 2015 1592 2064 tuo'nomine
1636 2032 1750 2065 non
1789 2017 2026 2065 incertus

241 2088 394 2146 sum,
432 2100 493 2137 vt
521 2087 662 2135 mihi
696 2100 875 2136 tecum
913 2083 1207 2135 dicendum
1238 2086 1298 2133 fit
1323 2079 1415 2157 seu
1438 2085 1832 2137 Menaechmus
1869 2103 2027 2137 voce·

243 2152 473 2234 rie,seu
512 2159 665 2222 aliter
696 2187 766 2196 ·-
807 2172 886 2219 29.
926 2150 1191 2230 cyathiffo
1222 2158 1504 2223 pocillator
1544 2157 1669 2207 sumt
1695 2187 1767 2197 —-—
1807 2175 2024 2226 37.1pro

242 2249 456 2283 numum
504 2229 693 2278 Douza
744 2229 939 2279 maluit
995 2244 1172 2291 numo.
1224 2228 1602 2294 explicandum
1666 2229 1889 2298 quidem
1949 2230 2025 2277 ita

242 2301 317 2352 est
351 2330 423 2341 -—
465 2308 544 2358 38.
580 2299 859 2366 porculum
899 2314 1006 2366 quo
1042 2296 1383 2348 sacrificando
1423 2301 1651 2368 expieris
1681 2313 1866 2350 mente
1903 2315 2022 2367 cap-

243 2384 352 2423 tus·
394 2372 507 2421 vid.
543 2369 694 2439 supra
734 2388 787 2419 v.
814 2387 867 2430 ,ις
894 2370 963 2438 fid
1004 2386 1077 2432 ¹9·
1135 2397 1206 2407 ——
1263 2386 1345 2430 4¹·
1387 2372 1650 2420 hominem
1705 2373 1926 2422 multum
1972 2381 2025 2420 et

245 2438 492 2518 odiosum
538 2443 891 2490 vehementer
938 2438 1186 2491 odiosum
1234 2441 1340 2488 fine
1380 2452 1461 2491 et.-
1518 2443 1817 2510 plurimum
1861 2440 2022 2511 'nego-

242 2517 311 2563 tii
347 2514 488 2564 mihi>
526 2511 742 2562 facessit.
831 2512 966 2561 Alii:
1016 2511 1239 2561 multum
1265 2513 1563 2580 explicant:
1613 2514 1703 2562 ille
1734 2531 1877 2563 vnus
1910 2526 2024 2562 tan-

243 2596 365 2636 tum
401 2585 540 2634 mihi
563 2581 763 2634 faceffit
796 2584 1033 2650 negotii,
1072 2584 1337 2651 quantum
1371 2585 1466 2634 vix
1497 2585 1680 2652 plures
1716 2584 1923 2652 poffent
1952 2613 2025 2623 --

242 2674 330 2719 43.
376 2657 636 2706 ridiculus
673 2656 781 2704 ioci
817 2654 1013 2722 plenus
1065 2682 1137 2692 —
1189 2670 1267 2716 31.
1303 2655 1436 2703 haec
1473 2654 1696 2724 opsonia
1732 2655 2026 2704 madebunt

243 2739 398 2780 cocta
448 2729 546 2776 [int
580 2755 650 2765 -—
690 2725 989 2775 morabitur
1028 2727 1159 2781 vos,
1213 2741 1320 2792 quo
1364 2726 1547 2776 minus
1593 2744 1720 2777 mox
1763 2725 2026 2792 prandere

244 2797 449 2868 poffitie
482 2827 553 2837 -—
596 2813 673 2858 54.
711 2807 764 2845 te
792 2798 1006 2850 interim
1040 2793 1329 2864 paullisper
1362 2809 1529 2855 tacet,
1577 2797 1720 2865 quafi
1753 2808 2035 2865 perrectu-=

244 2888 334 2919 rus
363 2871 656 2918 maximam
689 2869 744 2915 in
780 2867 982 2916 malam
1008 2885 1238 2924 crucem,
1276 2865 1367 2914 sed
1401 2884 1529 2918 mox
1558 2868 1707 2919 addit
1739 2879 1903 2936 atque
1926 2870 2022 2917 ad-

246 2941 486 2994 cumbere
537 2968 606 2978 -———
673 2955 752 2999 ςς.
800 2938 874 2986 ad
928 2938 1166 2989 Vulcani
1223 2938 1538 2988 violentiam
1593 2938 1662 2988 ad
1710 2940 1893 3008 ignem
1945 2946 2025 2977 '--

246 3014 332 3064 68.
373 3013 635 3060 amittunt
686 3009 892 3057 domum
944 3008 1232 3058 dimittunt
1273 3037 1345 3046 --
1399 3027 1584 3070 7¹·72·
1625 3022 1766 3060 recte
1801 3025 2027 3060 monere

196 3077 199 3081 ’
247 3082 319 3131 est
347 3083 646 3147 prudenter
681 3095 935 3139 monere3
975 3078 1064 3128 sed
1106 3090 1230 3131 tum'
1257 3077 1480 3129 demum
1502 3079 1701 3131 *seruus
1738 3091 1880 3130 recte
1910 3097 2023 3130 mo·

243 3154 364 3202 neri
390 3152 553 3209 dicit,
595 3152 629 3198 fi
659 3151 780 3218 quis
814 3151 1061 3199 monitus
1092 3149 1414 3219 prudentior
1453 3145 1643 3200 fiat'--
1683 3170 1766 3214 75.
1799 3151 2025 3214 nauales

243 3225 411 3291 pedes
450 3224 554 3272 h.l.
588 3223 924 3280 mercenarii,
966 3238 1203 3290 quorum
1233 3237 1394 3289 opera
1423 3225 1734 3282 vtebantur,
1780 3219 1874 3292 qui
1896 3224 2027 3272 naui

246 3296 427 3364 aliquo
453 3305 730 3344 venerant.
768 3292 880 3343 vid.
905 3310 947 3342 2.
967 3309 1012 3355 3.
1033 3298 1093 3345 81
1124 3304 1177 3347 et
1196 3310 1242 3357 5.
1261 3296 1306 3342 6.
1329 3310 1407 3343 20.
