2144 3554
255 178 373 233 §30
931 181 1003 223 iu
1066 181 1350 225 PossNth

593 313 680 364 IN
743 312 1005 364 ACTVS
1052 314 1147 365 IV.
1219 311 1557 366 SCENAM
1610 315 1685 366 11.

357 402 401 436 1.
437 402 481 436 ι.
519 387 665 435 Deos
716 387 1075 454 hominesque
1123 383 1338 437 infestos
1386 397 1600 454 oportet
1640 384 1741 437 ell'e
1790 386 1870 441 ei,
1926 385 2022 452 qui

190 455 193 458 ’
250 459 450 509 herum
486 457 666 513 habet,
706 457 837 507 hero
865 458 1348 523 meqconfimilem
1374 487 1445 495 —
1477 473 1525 520 4.
1556 458 1733 510 luteus
1764 456 2022 505 abiectus.

251 529 420 578 Truc.
438 543 486 589 4.
515 545 563 588 4.
601 545 644 577 1.
688 527 831 577 lutea
878 527 1132 576 meretrix
1168 557 1238 568 —-
1275 546 1432 578 coeno
1475 528 1712 579 conlitus
1736 524 1890 576 Most.
1914 543 1955 580 ι.
1978 543 2025 584 3.

254 615 316 660 :13
330 618 375 659 3.
412 600 660 667 pulcrum
706 609 956 648 ornatum
1000 607 1186 667 turpes
1223 615 1398 650 mores
1445 601 1601 667 peius
1649 615 1820 650 coeno
1858 596 2045 647 const-⁷

247 677 396 720 'nunt
419 698 489 707 -—-
529 687 573 730 ς.
602 670 898 718 lautumiae
922 669 1265 737 lapidicinae.
1316 671 1467 738 Capt.
1489 689 1534 731 3.
1560 688 1602 730 ς.
1619 674 1702 732 ός.
1731 670 1826 720 vbi
1853 667 2026 735 qualis

248 743 367 790 vita
392 741 467 797 fit,
502 741 615 798 vid.
640 740 793 807 Capt.
816 758 857 800 ς.
878 754 923 801 4.
952 758 965 788 ι
993 738 1104 810 sqq.
1138 769 1208 779 -
1237 759 1328 806 ts.
1370 757 1467 810 pro
1506 752 1573 790 vt
1614 745 1742 792 cum
1771 739 2022 790 Gulielm.

170 806 173 813 Χ
247 813 431 879 recepi
464 821 531 860 vt
556 821 622 860 vt
656 812 1061 880 qualiscumque
1090 813 1257 862 homo
1292 810 1361 861 est
1386 841 1457 851 --
1497 829 1573 874 14.
1593 812 1805 887 fictiles
1839 807 2026 882 episto-

250 883 338 933 las
378 880 529 932 testas
569 881 663 932 seu
709 878 1022 950 amphoras,
1074 883 1241 932 literis
1288 883 1582 950 inscriptae.
1647 883 2023 943 Rud.z.5.21.

248 969 389 1004 vrna
415 954 621 1003 literata
650 982 722 992 --
761 971 779 1002 1
797 971 838 1013 ς.
870 955 1088 1002 nomina
1114 947 1297 1022 insunt
1320 953 1633 1012 Consulum,
1672 954 1871 1024 quibus
1899 966 2025 1002 con-

249 1023 364 1074 dita
388 1036 538 1074 erant
556 1026 702 1081 vina,
732 1036 823 1073 aut
849 1024 1113 1081 locorum,
1140 1025 1285 1074 vnde
1316 1037 1479 1075 erant.
1506 1025 1621 1075 vid.
1650 1044 1695 1086 3.
1717 1043 1763 1087 3.
1782 1025 1844 1074 86
1867 1020 2028 1089 sq.—

252 1097 336 1146 16.
373 1098 718 1146 vinariorum
760 1096 1169 1164 oenopolarum,
1218 1110 1281 1146 vt
1324 1097 1462 1147 Afin.
1487 1115 1531 1146 2.
1561 1114 1608 1160 4.
1639 1114 1720 1157 30.
1763 1094 2028 1145 delectum

248 1168 591 1218 vinariorum
629 1166 833 1216 delecta
874 1168 1434 1235 vina‚.quaecumque
1470 1169 1531 1219 in
1567 1166 1871 1234 oenopoliis
1901 1166 2030 1212 ven-

249 1237 472 1288 duntur.
548 1238 800 1287 Gulielm.
835 1237 967 1305 legit
997 1239 1333 1288 vinariorum
1360 1239 1574 1289 turbam
1611 1241 1920 1301 hominum,
1957 1235 2030 1284 sa-

246 1310 561 1380 ginantium
599 1307 652 1358 se
686 1309 830 1358 malo
871 1309 981 1366 suo,
1029 1309 1176 1359 bono
1209 1311 1422 1374 lenonis
1456 1339 1529 1364 -,-
1588 1327 1664 1372 ¹7·
1698 1316 1776 1359 18.
1819 1304 2028 1357 iocose:

248 1379 571 1431 defunctum
595 1378 694 1429 effe
718 1392 932 1448 oportet
952 1380 1226 1438 lenonem,
1251 1379 1473 1431 fallaciis
1495 1373 2029 1434 meisinteremtum,

248 1465 306 1503 et
339 1453 489 1503 hunc
529 1467 761 1518 puerum
803 1449 1082 1500 instituiffe
1125 1452 1407 1509 heredem,
1458 1451 1606 1519 quod
1649 1453 1743 1502 hic
1781 1449 2035 1510 meditari

240 1521 433 1582 secum
457 1522 690 1579 videtur,
729 1521 863 1590 quid
885 1523 943 1568 in
975 1519 1190 1570 funebri
1218 1525 1334 1571 eius
1361 1523 1673 1572 laudatione
1704 1522 1860 1572 dicat.
1924 1521 2031 1581 He·

246 1594 442 1647 redum
467 1594 617 1643 enirn
648 1604 758 1642 erat
780 1594 1117 1661 plerumque,
1157 1591 1442 1644 defunctos
1462 1584 1676 1646 laudare
1695 1622 1767 1630 —
1799 1610 1879 1641 20.
1908 1609 2029 1657 pre-

245 1668 346 1717 tiis
385 1674 557 1714 emtos
594 1666 852 1715 maximis
891 1664 1067 1714 seruos
1116 1665 1258 1732 apud
1293 1681 1395 1714 nos
1437 1664 1738 1733 prodigere,
1787 1678 1940 1732 quae,
1994 1656 2031 1709 fi
2070 1656 2077 1661 ’

243 1737 409 1789 liberi
443 1749 703 1804 cuperent
737 1733 869 1793 fieri,
908 1737 1050 1785 heris
1090 1750 1240 1786 erant
1270 1736 1543 1786 reddenda
1579 1765 1650 1774 -·
1691 1753 1769 1784 τι.
1803 1751 2027 1800 expecu-

246 1808 421 1858 liatos
459 1809 678 1876 peculio
717 1805 861 1875 apud
888 1823 988 1857 nos
1024 1807 1236 1875 perdito
1247 1801 1447 1881 seruos
1465 1806 1601 1882 fieri
1630 1801 1891 1878 perpetuo
1919 1820 2031 1853 ma-

242 1896 410 1932 nere:
448 1871 599 1948 quo'd
630 1879 696 1927 iis
727 1895 840 1927 non
874 1876 943 1927 est
970 1894 1098 1929 cura,
1119 1880 1339 1946 peculii,
1371 1894 1474 1928 nec
1499 1876 1615 1946 spes
1639 1878 1902 1928 libertatis
1931 1875 2030 1925 effe

242 1949 416 2019 potest
448 1978 519 1990 --
572 1967 652 2000 22.
696 1949 833 1998 nihil
878 1950 1111 2015 adparet
1150 1961 1232 2000 tot
1264 1948 1430 2017 spolia
1462 1950 1754 2015 hominum
1787 1945 2033 2016 congesta

243 2022 316 2071 ad
359 2021 601 2070 nihilum
634 2021 892 2070 recidunt
926 2050 996 2058 -—
1032 2020 1174 2069 male
1212 2031 1436 2087 partum
1459 2021 1721 2086 disperit.
1819 2017 2027 2069 Sallust.

239 2093 387 2144 male
417 2105 568 2162 parta
598 2094 739 2140 male
763 2090 1092 2142 dilabuntur.
1128 2120 1199 2129 --
1236 2108 1315 2154 ²4·
1339 2092 1618 2158 Ignauiam
1642 2090 1810 2160 ipsam
1837 2090 2032 2140 docere

244 2163 434 2235 poffet,
476 2179 585 2231 quo
621 2162 772 2211 fieret
805 2164 1086 2231 ignauior:
1127 2163 1295 2213 homo
1333 2162 1403 2211 est
1432 2160 1807 2232 ignauiffimus
1839 2191 1910 2199 —
1949 2178 2029 2220 ²7·

249 2241 334 2287 28.
366 2234 741 2302 Adelphasium
769 2245 821 2282 et
846 2233 1172 2284 Anterastilis
1203 2228 1394 2301 primis
1427 2233 1612 2284 hostiis
1643 2235 1941 2284 litaueruut
1961 2260 2052 2277 ---⁴

249 2323 334 2367 33.
378 2316 440 2356 tu
474 2307 677 2355 corium
697 2297 968 2379 subferas
1011 2316 1169 2355 tuum
1215 2321 1316 2373 pro
1355 2322 1443 2353 me
1483 2317 1695 2373 tergum
1740 2303 2029 2372 subponaS.
2088 2364 2096 2372 ι

242 2377 435 2428 Lamb.
466 2404 539 2415 --
587 2393 669 2436 34.
700 2386 755 2424 te
788 2377 920 2426 volo
953 2378 1161 2426 malum
1203 2375 1303 2425 effe
1335 2378 1454 2436 tibi,
1490 2379 1525 2426 i.
1550 2371 1615 2426 e.'
1636 2377 1669 2424 fi
1704 2376 2035 2444 peccaueri3‚

245 2448 427 2517 ipsum
478 2449 661 2515 plecti.
738 2447 955 2511 Syncer.
1003 2460 1185 2498 autern
1227 2447 1484 2516 intelligit
1519 2458 1574 2496 te
1612 2447 1744 2497 volo
1791 2463 2031 2497 conuen-

246 2532 370 2571 tum
411 2547 484 2559 -·-
510 2519 513 2520 ⁷
541 2523 623 2579 36.
658 2516 958 2591 nostrorum
996 2535 1096 2587 pro
1139 2517 1394 2589 nostrum.
1431 2519 1655 2586 quidam
1695 2534 1827 2567 vero
1866 2517 2031 2586 expli·

247 2601 404 2642 cant:
444 2592 590 2640 inter
625 2606 735 2645 eos,
772 2591 865 2657 qui
906 2589 1068 2638 nostri
1101 2587 1225 2639 sunt
1260 2618 1331 2628 —-
1368 2607 1451 2650 41.
1486 2583 1671 2660 refero
1702 2583 2033 2663 vasasalua

244 2662 389 2714 ludit
428 2662 488 2709 i‘n
516 2661 800 2728 ambiguo;
838 2659 1004 2711 resert
1039 2658 1178 2716 vasa,
1211 2661 1408 2728 quibus
1445 2654 1578 2711 hero
1615 2663 1923 2729 puellisque
1958 2653 2031 2707 'ad

244 2747 363 2784 'rem
395 2730 594 2782 sacram
628 2748 763 2799 opus
801 2730 1005 2789 fueram
1049 2729 1169 2779 vasa
1210 2741 1586 2800 autemrqu-ae
1613 2740 1785 2792 v,40.‘
1809 2731 2030 2780 moechi

246 2802 531 2856 manifesto
585 2802 898 2871 deprehensi
948 2801 1097 2851 haud
1151 2801 1318 2851 ferme
1365 2801 1637 2862 referunt,
1687 2803 1808 2864 sunt
1852 2815 2029 2869 partes

246 2876 441 2925 viriles
469 2904 540 2917 ---
573 2891 659 2935 44.
699 2892 934 2924 memora
966 2875 1092 2923 dum
1125 2871 1418 2939 saepiss'ime
1454 2874 1597 2943 apud
1623 2876 1875 2924 Plautum
1902 2874 2030 2922 dum

244 2946 585 3013 imperatiuis
621 2944 878 2996 adiicitur
914 2974 985 2983 —
1042 2946 1125 3006 46.
1153 2945 1363 3010 gratiis
1395 2948 1562 3013 gratis
1595 2945 1757 3013 Epid.
1787 2962 1831 3003 3.
1864 2961 1912 3006 4.
1947 2949 2028 3004 38.

246 3017 391 3073 Afin.
415 3017 563 3067 Prol.
591 3032 635 3075 ς.
670 3044 740 3054 --
788 3035 937 3065 meae
975 3012 1100 3064 alae
1138 3033 1348 3082 pennas
1386 3034 1496 3066 non
1535 3017 1736 3065 habent
1781 3014 2033 3065 facultate

247 3102 423 3144 careo,
447 3085 658 3154 aliquid
683 3086 934 3136 conandi.
977 3087 1116 3136 Afin.
1140 3103 1181 3136 1.
1208 3103 1248 3134 1.
1267 3093 1349 3136 80.
1378 3100 1439 3136 tu
1463 3089 1569 3135 fine
1599 3089 1795 3155 pennis
1816 3086 1940 3135 vola
1962 3114 2033 3122 ——

249 3177 334 3223 50.
385 3158 557 3207 nolito
601 3156 888 3231 deuellg‘ffe.
965 3158 1113 3223 Quas
1155 3173 1290 3223 puer
1337 3158 1462 3211 alas
1518 3157 1747 3216 dixerat,
1795 3157 2032 3224 Milphio

248 3231 448 3285 axillas,
499 3240 553 3277 et
587 3247 802 3294 pennas
838 3230 954 3278 eius
991 3228 1133 3296 pilos
1171 3226 1223 3276 se
1268 3230 1571 3298 intelligere
1610 3230 1800 3279 similat
1830 3227 2032 3278 subala-

246 3317 348 3359 res‚
386 3313 604 3370 eosque,
643 3299 701 3349 id
735 3299 882 3371 quod
921 3298 1134 3351 cinaedi
1162 3297 1420 3358 solebant,
1457 3301 1588 3350 velli
1626 3317 1664 3350 a·
1691 3316 1855 3369 puero
1900 3298 2031 3366 pila-

933 3493 956 3508 Δ
