<?xml version="1.0" encoding="UTF-8"?>
<!DOCTYPE html PUBLIC "-//W3C//DTD XHTML 1.0 Transitional//EN"
    "http://www.w3.org/TR/xhtml1/DTD/xhtml1-transitional.dtd">
<html xmlns="http://www.w3.org/1999/xhtml" xml:lang="en" lang="en">
 <head>
  <title>
</title>
<meta http-equiv="Content-Type" content="text/html;charset=utf-8" />
  <meta name='ocr-system' content='tesseract 3.04.00' />
  <meta name='ocr-capabilities' content='ocr_page ocr_carea ocr_par ocr_line ocrx_word'/>
</head>
<body>
  <div class='ocr_page' id='page_1' title='image "./commentariusperp01plauuoft_0216.png"; bbox 0 0 2144 3554; ppageno 0'>
   <div class='ocr_carea' id='block_1_1' title="bbox 225 31 1425 227">
    <p class='ocr_par' dir='ltr' id='par_1_1' title="bbox 225 31 1425 227">
     <span class='ocr_line' id='line_1_1' title="bbox 1289 31 1295 59; baseline 0 0"><span class='ocrx_word' id='word_1_1' title='bbox 1289 31 1295 59; x_wconf 62' lang='grc' dir='ltr'><em>δ</em></span> 
     </span>
     <span class='ocr_line' id='line_1_2' title="bbox 225 171 1425 227; baseline 0.002 -4"><span class='ocrx_word' id='word_1_2' title='bbox 225 185 347 227; x_wconf 60' lang='grc' dir='ltr'>κιο</span> <span class='ocrx_word' id='word_1_3' title='bbox 793 181 863 223; x_wconf 71' lang='lat' dir='ltr'>iu</span> <span class='ocrx_word' id='word_1_4' title='bbox 926 171 1425 225; x_wconf 67' lang='lat' dir='ltr'>Mosrssttlmmss</span> 
     </span>
    </p>
   </div>
   <div class='ocr_carea' id='block_1_2' title="bbox 210 305 2010 1245">
    <p class='ocr_par' dir='ltr' id='par_1_2' title="bbox 210 305 2010 1245">
     <span class='ocr_line' id='line_1_3' title="bbox 222 305 1994 386; baseline -0.001 -16"><span class='ocrx_word' id='word_1_5' title='bbox 222 318 522 370; x_wconf 87' lang='lat' dir='ltr'>bubulcum</span> <span class='ocrx_word' id='word_1_6' title='bbox 552 316 649 366; x_wconf 78' lang='lat' dir='ltr'>effe</span> <span class='ocrx_word' id='word_1_7' title='bbox 670 343 740 354; x_wconf 88' lang='lat'>-·-</span> <span class='ocrx_word' id='word_1_8' title='bbox 779 330 858 375; x_wconf 79' lang='grc' dir='ltr'>ςι.</span> <span class='ocrx_word' id='word_1_9' title='bbox 895 312 1464 386; x_wconf 65' lang='lat' dir='ltr'>carnificumjcribrnm</span> <span class='ocrx_word' id='word_1_10' title='bbox 1487 305 1563 373; x_wconf 65' lang='lat' dir='ltr'>(u,</span> <span class='ocrx_word' id='word_1_11' title='bbox 1591 320 1752 370; x_wconf 74' lang='lat' dir='ltr'>cuius</span> <span class='ocrx_word' id='word_1_12' title='bbox 1783 330 1994 385; x_wconf 81' lang='lat' dir='ltr'>tergum</span> 
     </span>
     <span class='ocr_line' id='line_1_4' title="bbox 224 383 1995 453; baseline -0.003 -12"><span class='ocrx_word' id='word_1_13' title='bbox 224 407 252 441; x_wconf 81' lang='lat' dir='ltr'>a</span> <span class='ocrx_word' id='word_1_14' title='bbox 284 386 535 439; x_wconf 81' lang='lat' dir='ltr'>carnifice</span> <span class='ocrx_word' id='word_1_15' title='bbox 572 389 643 436; x_wconf 80' lang='lat' dir='ltr'>ita</span> <span class='ocrx_word' id='word_1_16' title='bbox 677 398 1074 453; x_wconf 78' lang='lat' dir='ltr'>compungetur</span> <span class='ocrx_word' id='word_1_17' title='bbox 1108 383 1350 443; x_wconf 81' lang='lat' dir='ltr'>stimulis,</span> <span class='ocrx_word' id='word_1_18' title='bbox 1391 400 1449 436; x_wconf 82' lang='lat' dir='ltr'>vt</span> <span class='ocrx_word' id='word_1_19' title='bbox 1482 388 1730 438; x_wconf 85' lang='lat' dir='ltr'>videatur</span> <span class='ocrx_word' id='word_1_20' title='bbox 1768 388 1867 437; x_wconf 82' lang='lat' dir='ltr'>effe</span> <span class='ocrx_word' id='word_1_21' title='bbox 1897 393 1995 438; x_wconf 79' lang='lat' dir='ltr'>cri·</span> 
     </span>
     <span class='ocr_line' id='line_1_5' title="bbox 222 456 1993 524; baseline -0.002 -13"><span class='ocrx_word' id='word_1_22' title='bbox 222 463 386 512; x_wconf 87' lang='lat' dir='ltr'>brum</span> <span class='ocrx_word' id='word_1_23' title='bbox 415 488 486 499; x_wconf 89' lang='lat'>--</span> <span class='ocrx_word' id='word_1_24' title='bbox 528 475 606 519; x_wconf 79' lang='lat'><strong>53.</strong></span> <span class='ocrx_word' id='word_1_25' title='bbox 632 457 997 524; x_wconf 76' lang='lat' dir='ltr'>patibulatum</span> <span class='ocrx_word' id='word_1_26' title='bbox 1020 458 1323 522; x_wconf 80' lang='lat' dir='ltr'>patibulum</span> <span class='ocrx_word' id='word_1_27' title='bbox 1346 456 1438 509; x_wconf 80' lang='lat' dir='ltr'>seu</span> <span class='ocrx_word' id='word_1_28' title='bbox 1474 457 1679 508; x_wconf 86' lang='lat' dir='ltr'>furcam</span> <span class='ocrx_word' id='word_1_29' title='bbox 1713 458 1993 508; x_wconf 84' lang='lat' dir='ltr'>ferentem.</span> 
     </span>
     <span class='ocr_line' id='line_1_6' title="bbox 223 519 1998 600; baseline -0.002 -20"><span class='ocrx_word' id='word_1_30' title='bbox 223 530 340 581; x_wconf 81' lang='lat' dir='ltr'><strong>Cas.</strong></span> <span class='ocrx_word' id='word_1_31' title='bbox 364 550 407 580; x_wconf 84' lang='lat'><strong>2.</strong></span> <span class='ocrx_word' id='word_1_32' title='bbox 428 531 476 579; x_wconf 91' lang='lat'>6.</span> <span class='ocrx_word' id='word_1_33' title='bbox 496 533 575 590; x_wconf 86' lang='lat'><strong>37.</strong></span> <span class='ocrx_word' id='word_1_34' title='bbox 604 557 674 567; x_wconf 87' lang='lat'>--</span> <span class='ocrx_word' id='word_1_35' title='bbox 728 545 804 587; x_wconf 84' lang='lat'><strong>57.</strong></span> <span class='ocrx_word' id='word_1_36' title='bbox 844 528 1150 590; x_wconf 77' lang='lat' dir='ltr'><em>compendii</em></span> <span class='ocrx_word' id='word_1_37' title='bbox 1177 519 1291 600; x_wconf 83' lang='lat' dir='ltr'>fac</span> <span class='ocrx_word' id='word_1_38' title='bbox 1327 528 1438 578; x_wconf 82' lang='lat' dir='ltr'>vid.</span> <span class='ocrx_word' id='word_1_39' title='bbox 1469 530 1666 579; x_wconf 85' lang='lat' dir='ltr'><strong>Bacch.</strong></span> <span class='ocrx_word' id='word_1_40' title='bbox 1698 547 1742 580; x_wconf 77' lang='lat' dir='ltr'><strong>t.</strong></span> <span class='ocrx_word' id='word_1_41' title='bbox 1771 548 1816 580; x_wconf 86' lang='lat'><strong>2.</strong></span> <span class='ocrx_word' id='word_1_42' title='bbox 1843 531 1890 578; x_wconf 90' lang='lat'>6.</span> <span class='ocrx_word' id='word_1_43' title='bbox 1927 558 1998 567; x_wconf 90' lang='grc'>--</span> 
     </span>
     <span class='ocr_line' id='line_1_7' title="bbox 232 590 2010 666; baseline -0.003 -14"><span class='ocrx_word' id='word_1_44' title='bbox 232 619 312 666; x_wconf 78' lang='lat'><strong>59.</strong></span> <span class='ocrx_word' id='word_1_45' title='bbox 355 619 532 650; x_wconf 78' lang='lat' dir='ltr'>eruum</span> <span class='ocrx_word' id='word_1_46' title='bbox 564 600 752 656; x_wconf 73' lang='lat' dir='ltr'>viciae,</span> <span class='ocrx_word' id='word_1_47' title='bbox 795 597 1055 663; x_wconf 80' lang='lat' dir='ltr'>pabulum</span> <span class='ocrx_word' id='word_1_48' title='bbox 1082 627 1154 635; x_wconf 93' lang='lat'><em>-</em></span> <span class='ocrx_word' id='word_1_49' title='bbox 1207 601 1290 662; x_wconf 58' lang='grc' dir='ltr'>ὀρ.</span> <span class='ocrx_word' id='word_1_50' title='bbox 1327 601 1454 649; x_wconf 80' lang='lat' dir='ltr'>dote</span> <span class='ocrx_word' id='word_1_51' title='bbox 1493 590 1587 651; x_wconf 36' lang='lat' dir='ltr'>afes</span> <span class='ocrx_word' id='word_1_52' title='bbox 1635 600 1781 651; x_wconf 80' lang='lat' dir='ltr'>vnde</span> <span class='ocrx_word' id='word_1_53' title='bbox 1819 616 2010 653; x_wconf 74' lang='lat' dir='ltr'>emam-</span> 
     </span>
     <span class='ocr_line' id='line_1_8' title="bbox 222 666 2001 746; baseline -0.002 -24"><span class='ocrx_word' id='word_1_54' title='bbox 222 674 504 741; x_wconf 84' lang='lat' dir='ltr'>pabulum,</span> <span class='ocrx_word' id='word_1_55' title='bbox 514 667 571 741; x_wconf 84' lang='lat' dir='ltr'><em>st</em></span> <span class='ocrx_word' id='word_1_56' title='bbox 594 687 701 719; x_wconf 86' lang='lat' dir='ltr'>non</span> <span class='ocrx_word' id='word_1_57' title='bbox 735 668 858 742; x_wconf 68' lang='lat' dir='ltr'>eliis</span> <span class='ocrx_word' id='word_1_58' title='bbox 886 668 1063 719; x_wconf 84' lang='lat' dir='ltr'>daturi</span> <span class='ocrx_word' id='word_1_59' title='bbox 1095 667 1269 736; x_wconf 78' lang='lat' dir='ltr'>ipsum</span> <span class='ocrx_word' id='word_1_60' title='bbox 1294 679 1365 709; x_wconf 76' lang='grc'>-“-</span> <span class='ocrx_word' id='word_1_61' title='bbox 1400 674 1482 722; x_wconf 82' lang='lat'>62.</span> <span class='ocrx_word' id='word_1_62' title='bbox 1497 666 1759 746; x_wconf 81' lang='lat' dir='ltr'>saginam</span> <span class='ocrx_word' id='word_1_63' title='bbox 1791 669 2001 719; x_wconf 76' lang='lat' dir='ltr'><em>caedite</em></span> 
     </span>
     <span class='ocr_line' id='line_1_9' title="bbox 222 736 1999 807; baseline -0.002 -14"><span class='ocrx_word' id='word_1_64' title='bbox 222 756 453 794; x_wconf 84' lang='lat' dir='ltr'>mactate</span> <span class='ocrx_word' id='word_1_65' title='bbox 485 742 675 797; x_wconf 74' lang='lat' dir='ltr'>boues,</span> <span class='ocrx_word' id='word_1_66' title='bbox 725 755 856 789; x_wconf 88' lang='lat' dir='ltr'>oues</span> <span class='ocrx_word' id='word_1_67' title='bbox 892 739 951 785; x_wconf 91' lang='lat' dir='ltr'>in</span> <span class='ocrx_word' id='word_1_68' title='bbox 997 736 1233 807; x_wconf 80' lang='lat' dir='ltr'>saginam</span> <span class='ocrx_word' id='word_1_69' title='bbox 1279 742 1441 792; x_wconf 80' lang='lat' dir='ltr'>datas.</span> <span class='ocrx_word' id='word_1_70' title='bbox 1475 771 1547 781; x_wconf 87' lang='lat'>--</span> <span class='ocrx_word' id='word_1_71' title='bbox 1597 744 1731 793; x_wconf 86' lang='lat' dir='ltr'>Alii:</span> <span class='ocrx_word' id='word_1_72' title='bbox 1772 741 1999 807; x_wconf 83' lang='lat' dir='ltr'>dapibus</span> 
     </span>
     <span class='ocr_line' id='line_1_10' title="bbox 224 809 1997 882; baseline -0.002 -19"><span class='ocrx_word' id='word_1_73' title='bbox 224 813 547 882; x_wconf 71' lang='lat' dir='ltr'>sagiuamiui</span> <span class='ocrx_word' id='word_1_74' title='bbox 575 840 643 850; x_wconf 84' lang='lat'>--</span> <span class='ocrx_word' id='word_1_75' title='bbox 696 814 777 868; x_wconf 89' lang='lat'>67.</span> <span class='ocrx_word' id='word_1_76' title='bbox 818 822 895 865; x_wconf 86' lang='lat' dir='ltr'>tu,</span> <span class='ocrx_word' id='word_1_77' title='bbox 929 810 1024 876; x_wconf 85' lang='lat' dir='ltr'>qui</span> <span class='ocrx_word' id='word_1_78' title='bbox 1058 828 1145 874; x_wconf 73' lang='lat' dir='ltr'>rue</span> <span class='ocrx_word' id='word_1_79' title='bbox 1179 809 1492 862; x_wconf 76' lang='lat' dir='ltr'>furciferum</span> <span class='ocrx_word' id='word_1_80' title='bbox 1525 830 1702 871; x_wconf 74' lang='lat' dir='ltr'>vocae,</span> <span class='ocrx_word' id='word_1_81' title='bbox 1740 829 1863 862; x_wconf 85' lang='lat' dir='ltr'>mox</span> <span class='ocrx_word' id='word_1_82' title='bbox 1891 810 1997 860; x_wconf 83' lang='lat' dir='ltr'>fur-</span> 
     </span>
     <span class='ocr_line' id='line_1_11' title="bbox 226 879 1997 956; baseline -0.002 -20"><span class='ocrx_word' id='word_1_83' title='bbox 226 879 360 936; x_wconf 84' lang='lat' dir='ltr'>cifer</span> <span class='ocrx_word' id='word_1_84' title='bbox 390 885 495 934; x_wconf 86' lang='lat' dir='ltr'>eris</span> <span class='ocrx_word' id='word_1_85' title='bbox 520 900 576 932; x_wconf 81' lang='lat' dir='ltr'>re</span> <span class='ocrx_word' id='word_1_86' title='bbox 606 879 715 950; x_wconf 86' lang='lat' dir='ltr'>ipsa</span> <span class='ocrx_word' id='word_1_87' title='bbox 742 909 813 918; x_wconf 86' lang='lat'>———</span> <span class='ocrx_word' id='word_1_88' title='bbox 851 885 934 930; x_wconf 85' lang='lat'><strong>68.</strong></span> <span class='ocrx_word' id='word_1_89' title='bbox 963 882 1090 930; x_wconf 83' lang='lat' dir='ltr'>dum</span> <span class='ocrx_word' id='word_1_90' title='bbox 1120 883 1327 931; x_wconf 82' lang='lat' dir='ltr'>interea</span> <span class='ocrx_word' id='word_1_91' title='bbox 1347 880 1536 956; x_wconf 76' lang='lat' dir='ltr'>fiefit</span> <span class='ocrx_word' id='word_1_92' title='bbox 1561 894 1621 932; x_wconf 87' lang='lat' dir='ltr'>vt</span> <span class='ocrx_word' id='word_1_93' title='bbox 1647 886 1791 934; x_wconf 86' lang='lat' dir='ltr'>lente</span> <span class='ocrx_word' id='word_1_94' title='bbox 1815 885 1997 950; x_wconf 79' lang='lat' dir='ltr'>opipa-</span> 
     </span>
     <span class='ocr_line' id='line_1_12' title="bbox 223 949 1999 1026; baseline -0.003 -20"><span class='ocrx_word' id='word_1_95' title='bbox 223 972 390 1026; x_wconf 85' lang='lat' dir='ltr'>reque</span> <span class='ocrx_word' id='word_1_96' title='bbox 417 956 602 1004; x_wconf 80' lang='lat' dir='ltr'>vinam</span> <span class='ocrx_word' id='word_1_97' title='bbox 620 981 691 990; x_wconf 87' lang='lat'>-—</span> <span class='ocrx_word' id='word_1_98' title='bbox 728 949 861 1023; x_wconf 70' lang='lat' dir='ltr'>ssnc</span> <span class='ocrx_word' id='word_1_99' title='bbox 891 949 1261 1023; x_wconf 77' lang='lat' dir='ltr'>actutnmstno</span> <span class='ocrx_word' id='word_1_100' title='bbox 1289 969 1399 1002; x_wconf 87' lang='lat' dir='ltr'>non</span> <span class='ocrx_word' id='word_1_101' title='bbox 1422 970 1574 1010; x_wconf 85' lang='lat' dir='ltr'>curo,</span> <span class='ocrx_word' id='word_1_102' title='bbox 1599 955 1731 1021; x_wconf 86' lang='lat' dir='ltr'>quid</span> <span class='ocrx_word' id='word_1_103' title='bbox 1754 953 1999 1003; x_wconf 85' lang='lat' dir='ltr'>futurum</span> 
     </span>
     <span class='ocr_line' id='line_1_13' title="bbox 226 1023 2003 1092; baseline -0.002 -16"><span class='ocrx_word' id='word_1_104' title='bbox 226 1028 284 1076; x_wconf 85' lang='lat' dir='ltr'>fit</span> <span class='ocrx_word' id='word_1_105' title='bbox 325 1056 395 1065; x_wconf 91' lang='lat'>—-</span> <span class='ocrx_word' id='word_1_106' title='bbox 448 1029 532 1088; x_wconf 88' lang='lat'>69.</span> <span class='ocrx_word' id='word_1_107' title='bbox 561 1023 854 1091; x_wconf 82' lang='lat' dir='ltr'>Sophocles</span> <span class='ocrx_word' id='word_1_108' title='bbox 883 1033 1042 1072; x_wconf 72' lang='lat' dir='ltr'>vocat</span> <span class='ocrx_word' id='word_1_109' title='bbox 1076 1024 1294 1085; x_wconf 72' lang='grc' dir='ltr'><em>βλαβσις</em></span> <span class='ocrx_word' id='word_1_110' title='bbox 1325 1025 1562 1080; x_wconf 72' lang='grc' dir='ltr'><strong><em>’ποδώκεις</em></strong></span> <span class='ocrx_word' id='word_1_111' title='bbox 1592 1024 1825 1082; x_wconf 83' lang='lat' dir='ltr'>molesta,</span> <span class='ocrx_word' id='word_1_112' title='bbox 1866 1039 2003 1092; x_wconf 81' lang='lat' dir='ltr'>quae</span> 
     </span>
     <span class='ocr_line' id='line_1_14' title="bbox 224 1087 1998 1168; baseline -0.002 -21"><span class='ocrx_word' id='word_1_113' title='bbox 224 1099 454 1168; x_wconf 81' lang='lat' dir='ltr'>pedibus</span> <span class='ocrx_word' id='word_1_114' title='bbox 489 1106 622 1145; x_wconf 88' lang='lat' dir='ltr'>eunt</span> <span class='ocrx_word' id='word_1_115' title='bbox 653 1094 918 1143; x_wconf 80' lang='lat' dir='ltr'>celeribus</span> <span class='ocrx_word' id='word_1_116' title='bbox 941 1122 1013 1132; x_wconf 85' lang='lat'>--</span> <span class='ocrx_word' id='word_1_117' title='bbox 1053 1087 1325 1168; x_wconf 80' lang='lat' dir='ltr'>73.satin&#39;</span> <span class='ocrx_word' id='word_1_118' title='bbox 1351 1095 1503 1144; x_wconf 74' lang='lat' dir='ltr'>abiit.</span> <span class='ocrx_word' id='word_1_119' title='bbox 1560 1095 1649 1144; x_wconf 91' lang='lat' dir='ltr'>Sic</span> <span class='ocrx_word' id='word_1_120' title='bbox 1667 1096 1785 1144; x_wconf 87' lang='lat' dir='ltr'>Mil.</span> <span class='ocrx_word' id='word_1_121' title='bbox 1811 1113 1855 1144; x_wconf 84' lang='lat'><strong>2.</strong></span> <span class='ocrx_word' id='word_1_122' title='bbox 1881 1098 1928 1144; x_wconf 76' lang='lat'><strong>6.</strong></span> <span class='ocrx_word' id='word_1_123' title='bbox 1959 1113 1998 1144; x_wconf 79' lang='grc' dir='ltr'>ι.</span> 
     </span>
     <span class='ocr_line' id='line_1_15' title="bbox 210 1164 2000 1245; baseline -0.003 -26"><span class='ocrx_word' id='word_1_124' title='bbox 210 1166 369 1245; x_wconf 69' lang='grc' dir='ltr'>]ὰίιίι</span> <span class='ocrx_word' id='word_1_125' title='bbox 413 1167 550 1217; x_wconf 75' lang='lat' dir='ltr'>abiit</span> <span class='ocrx_word' id='word_1_126' title='bbox 588 1165 697 1223; x_wconf 80' lang='lat' dir='ltr'>ille,</span> <span class='ocrx_word' id='word_1_127' title='bbox 740 1182 907 1233; x_wconf 81' lang='lat' dir='ltr'>neque</span> <span class='ocrx_word' id='word_1_128' title='bbox 945 1164 1113 1213; x_wconf 74' lang='lat' dir='ltr'>herile</span> <span class='ocrx_word' id='word_1_129' title='bbox 1148 1167 1420 1230; x_wconf 77' lang='lat' dir='ltr'>negotium</span> <span class='ocrx_word' id='word_1_130' title='bbox 1458 1165 1586 1232; x_wconf 84' lang='lat' dir='ltr'>plus</span> <span class='ocrx_word' id='word_1_131' title='bbox 1623 1177 1799 1224; x_wconf 73' lang='lat' dir='ltr'>curat,</span> <span class='ocrx_word' id='word_1_132' title='bbox 1839 1184 2000 1233; x_wconf 77' lang='lat' dir='ltr'>qnam</span> 
     </span>
    </p>
   </div>
   <div class='ocr_carea' id='block_1_3' title="bbox 204 1229 2001 1369">
    <p class='ocr_par' dir='ltr' id='par_1_3' title="bbox 204 1229 2001 1369">
     <span class='ocr_line' id='line_1_16' title="bbox 204 1229 2001 1314; baseline -0.001 -26"><span class='ocrx_word' id='word_1_133' title='bbox 204 1238 263 1314; x_wconf 78' lang='lat' dir='ltr'><em>fi</em></span> <span class='ocrx_word' id='word_1_134' title='bbox 303 1257 405 1288; x_wconf 85' lang='lat' dir='ltr'>non</span> <span class='ocrx_word' id='word_1_135' title='bbox 443 1231 706 1309; x_wconf 79' lang='lat' dir='ltr'>seruitute</span> <span class='ocrx_word' id='word_1_136' title='bbox 736 1229 973 1308; x_wconf 79' lang='lat' dir='ltr'>seruiat.</span> <span class='ocrx_word' id='word_1_137' title='bbox 1045 1236 1281 1303; x_wconf 82' lang='lat' dir='ltr'>Vtroque</span> <span class='ocrx_word' id='word_1_138' title='bbox 1330 1238 1450 1287; x_wconf 88' lang='lat' dir='ltr'>loco</span> <span class='ocrx_word' id='word_1_139' title='bbox 1488 1231 2001 1310; x_wconf 65' lang='lat' dir='ltr'>satiriadmirautis</span> 
     </span>
     <span class='ocr_line' id='line_1_17' title="bbox 223 1303 1611 1369; baseline -0.004 -9"><span class='ocrx_word' id='word_1_140' title='bbox 223 1309 327 1369; x_wconf 87' lang='lat' dir='ltr'>est,·</span> <span class='ocrx_word' id='word_1_141' title='bbox 365 1320 572 1361; x_wconf 84' lang='lat' dir='ltr'>tantam</span> <span class='ocrx_word' id='word_1_142' title='bbox 615 1308 777 1357; x_wconf 85' lang='lat' dir='ltr'>inesse</span> <span class='ocrx_word' id='word_1_143' title='bbox 813 1309 965 1356; x_wconf 85' lang='lat' dir='ltr'>alteri</span> <span class='ocrx_word' id='word_1_144' title='bbox 1003 1303 1167 1358; x_wconf 84' lang='lat' dir='ltr'>officii</span> <span class='ocrx_word' id='word_1_145' title='bbox 1205 1305 1289 1355; x_wconf 83' lang='lat' dir='ltr'>sui</span> <span class='ocrx_word' id='word_1_146' title='bbox 1326 1308 1611 1359; x_wconf 77' lang='lat' dir='ltr'>incuriam.</span> 
     </span>
    </p>
   </div>
   <div class='ocr_carea' id='block_1_4' title="bbox 230 1420 2005 1661">
    <p class='ocr_par' dir='ltr' id='par_1_4' title="bbox 230 1420 2005 1661">
     <span class='ocr_line' id='line_1_18' title="bbox 570 1420 1656 1502; baseline 0.001 -2"><span class='ocrx_word' id='word_1_147' title='bbox 570 1449 656 1500; x_wconf 79' lang='lat' dir='ltr'>IN</span> <span class='ocrx_word' id='word_1_148' title='bbox 722 1447 994 1499; x_wconf 75' lang='lat' dir='ltr'>Achs</span> <span class='ocrx_word' id='word_1_149' title='bbox 1054 1450 1094 1502; x_wconf 80' lang='lat'>1,</span> <span class='ocrx_word' id='word_1_150' title='bbox 1170 1420 1522 1499; x_wconf 80' lang='lat' dir='ltr'>scENAM</span> <span class='ocrx_word' id='word_1_151' title='bbox 1578 1452 1656 1501; x_wconf 92' lang='lat'>11.</span> 
     </span>
     <span class='ocr_line' id='line_1_19' title="bbox 338 1518 2004 1580; baseline -0.002 -9"><span class='ocrx_word' id='word_1_152' title='bbox 338 1541 357 1571; x_wconf 91' lang='lat'>1</span> <span class='ocrx_word' id='word_1_153' title='bbox 393 1521 458 1572; x_wconf 84' lang='lat' dir='ltr'>ad</span> <span class='ocrx_word' id='word_1_154' title='bbox 495 1539 570 1580; x_wconf 88' lang='lat'><strong>17.</strong></span> <span class='ocrx_word' id='word_1_155' title='bbox 606 1523 903 1579; x_wconf 85' lang='lat' dir='ltr'><strong>Hominem</strong></span> <span class='ocrx_word' id='word_1_156' title='bbox 935 1536 1123 1570; x_wconf 79' lang='lat' dir='ltr'>recens·</span> <span class='ocrx_word' id='word_1_157' title='bbox 1147 1531 1337 1571; x_wconf 84' lang='lat' dir='ltr'>natum</span> <span class='ocrx_word' id='word_1_158' title='bbox 1364 1537 1630 1571; x_wconf 87' lang='lat' dir='ltr'>nouarum</span> <span class='ocrx_word' id='word_1_159' title='bbox 1663 1520 1878 1569; x_wconf 85' lang='lat' dir='ltr'>aedium</span> <span class='ocrx_word' id='word_1_160' title='bbox 1906 1518 2004 1568; x_wconf 84' lang='lat' dir='ltr'>effe</span> 
     </span>
     <span class='ocr_line' id='line_1_20' title="bbox 230 1590 2005 1661; baseline -0.003 -17"><span class='ocrx_word' id='word_1_161' title='bbox 230 1595 470 1648; x_wconf 74' lang='lat' dir='ltr'>fimilem,</span> <span class='ocrx_word' id='word_1_162' title='bbox 512 1604 566 1641; x_wconf 87' lang='lat' dir='ltr'>et</span> <span class='ocrx_word' id='word_1_163' title='bbox 594 1591 705 1661; x_wconf 80' lang='lat' dir='ltr'>ipse</span> <span class='ocrx_word' id='word_1_164' title='bbox 743 1592 835 1640; x_wconf 76' lang='lat' dir='ltr'>fibi</span> <span class='ocrx_word' id='word_1_165' title='bbox 874 1590 1143 1660; x_wconf 80' lang='lat' dir='ltr'>persuasit,</span> <span class='ocrx_word' id='word_1_166' title='bbox 1185 1602 1240 1641; x_wconf 86' lang='lat' dir='ltr'>et</span> <span class='ocrx_word' id='word_1_167' title='bbox 1270 1592 1386 1645; x_wconf 78' lang='lat' dir='ltr'>aliis</span> <span class='ocrx_word' id='word_1_168' title='bbox 1412 1590 1463 1641; x_wconf 87' lang='lat' dir='ltr'>se</span> <span class='ocrx_word' id='word_1_169' title='bbox 1498 1590 1867 1660; x_wconf 80' lang='lat' dir='ltr'>persuasurum</span> <span class='ocrx_word' id='word_1_170' title='bbox 1905 1593 2005 1639; x_wconf 85' lang='lat' dir='ltr'>esse</span> 
     </span>
    </p>
   </div>
   <div class='ocr_carea' id='block_1_5' title="bbox 227 1662 2085 1731">
    <p class='ocr_par' dir='ltr' id='par_1_5' title="bbox 227 1662 2085 1731">
     <span class='ocr_line' id='line_1_21' title="bbox 227 1662 2085 1731; baseline -0.003 -17"><span class='ocrx_word' id='word_1_171' title='bbox 227 1664 471 1717; x_wconf 80' lang='lat' dir='ltr'>confidit.</span> <span class='ocrx_word' id='word_1_172' title='bbox 508 1690 579 1702; x_wconf 84' lang='lat'>--</span> <span class='ocrx_word' id='word_1_173' title='bbox 638 1681 679 1714; x_wconf 59' lang='grc' dir='ltr'>ι’.</span> <span class='ocrx_word' id='word_1_174' title='bbox 720 1664 1063 1713; x_wconf 81' lang='lat' dir='ltr'>Recordatns</span> <span class='ocrx_word' id='word_1_175' title='bbox 1109 1663 1166 1710; x_wconf 87' lang='lat' dir='ltr'>in</span> <span class='ocrx_word' id='word_1_176' title='bbox 1212 1663 1601 1731; x_wconf 75' lang='lat' dir='ltr'>cogitationem</span> <span class='ocrx_word' id='word_1_177' title='bbox 1648 1662 1787 1712; x_wconf 89' lang='lat' dir='ltr'>forte</span> <span class='ocrx_word' id='word_1_178' title='bbox 1834 1662 2007 1711; x_wconf 72' lang='lat' dir='ltr'>incidi</span> <span class='ocrx_word' id='word_1_179' title='bbox 2079 1705 2085 1716; x_wconf 85' lang='grc'>,</span> 
     </span>
    </p>
   </div>
   <div class='ocr_carea' id='block_1_6' title="bbox 222 1734 2084 3367">
    <p class='ocr_par' dir='ltr' id='par_1_6' title="bbox 222 1734 2084 3367">
     <span class='ocr_line' id='line_1_22' title="bbox 227 1734 2006 1803; baseline -0.003 -17"><span class='ocrx_word' id='word_1_180' title='bbox 227 1737 450 1786; x_wconf 78' lang='lat' dir='ltr'>multum</span> <span class='ocrx_word' id='word_1_181' title='bbox 480 1746 532 1784; x_wconf 79' lang='lat' dir='ltr'>et</span> <span class='ocrx_word' id='word_1_182' title='bbox 554 1736 651 1784; x_wconf 85' lang='lat' dir='ltr'>din</span> <span class='ocrx_word' id='word_1_183' title='bbox 672 1735 918 1798; x_wconf 77' lang='lat' dir='ltr'>cogitaui</span> <span class='ocrx_word' id='word_1_184' title='bbox 942 1734 1035 1784; x_wconf 86' lang='lat' dir='ltr'>diu</span> <span class='ocrx_word' id='word_1_185' title='bbox 1063 1734 1406 1803; x_wconf 84' lang='lat' dir='ltr'>multumque</span> <span class='ocrx_word' id='word_1_186' title='bbox 1443 1750 1659 1785; x_wconf 86' lang='lat' dir='ltr'>mecum</span> <span class='ocrx_word' id='word_1_187' title='bbox 1686 1743 1938 1801; x_wconf 81' lang='lat' dir='ltr'>reputans</span> <span class='ocrx_word' id='word_1_188' title='bbox 1960 1761 2006 1770; x_wconf 81' lang='lat'>—-</span> 
     </span>
     <span class='ocr_line' id='line_1_23' title="bbox 229 1804 2005 1879; baseline -0.002 -24"><span class='ocrx_word' id='word_1_189' title='bbox 229 1825 274 1869; x_wconf 90' lang='lat'>3.</span> <span class='ocrx_word' id='word_1_190' title='bbox 291 1805 346 1878; x_wconf 82' lang='lat' dir='ltr'><em>fi</em></span> <span class='ocrx_word' id='word_1_191' title='bbox 382 1805 456 1879; x_wconf 63' lang='lat' dir='ltr'>esc*</span> <span class='ocrx_word' id='word_1_192' title='bbox 487 1807 635 1874; x_wconf 78' lang='lat' dir='ltr'>quod</span> <span class='ocrx_word' id='word_1_193' title='bbox 668 1806 798 1869; x_wconf 68' lang='lat' dir='ltr'>mihi</span> <span class='ocrx_word' id='word_1_194' title='bbox 832 1823 926 1854; x_wconf 86' lang='lat' dir='ltr'>cor</span> <span class='ocrx_word' id='word_1_195' title='bbox 964 1818 1227 1873; x_wconf 86' lang='lat' dir='ltr'>quantum</span> <span class='ocrx_word' id='word_1_196' title='bbox 1264 1804 1566 1874; x_wconf 74' lang='lat' dir='ltr'>perspicere</span> <span class='ocrx_word' id='word_1_197' title='bbox 1603 1806 1816 1860; x_wconf 77' lang='lat' dir='ltr'>animus</span> <span class='ocrx_word' id='word_1_198' title='bbox 1851 1819 2005 1852; x_wconf 83' lang='lat' dir='ltr'>meus</span> 
     </span>
     <span class='ocr_line' id='line_1_24' title="bbox 224 1873 2005 1947; baseline -0.003 -20"><span class='ocrx_word' id='word_1_199' title='bbox 224 1876 410 1947; x_wconf 76' lang='lat' dir='ltr'>potest.</span> <span class='ocrx_word' id='word_1_200' title='bbox 461 1875 600 1927; x_wconf 86' lang='lat' dir='ltr'>Pers.</span> <span class='ocrx_word' id='word_1_201' title='bbox 634 1893 682 1939; x_wconf 89' lang='lat'>4.</span> <span class='ocrx_word' id='word_1_202' title='bbox 712 1893 759 1936; x_wconf 87' lang='lat'>4.</span> <span class='ocrx_word' id='word_1_203' title='bbox 790 1893 872 1934; x_wconf 72' lang='lat'><strong>7¹.</strong></span> <span class='ocrx_word' id='word_1_204' title='bbox 925 1877 1086 1926; x_wconf 80' lang='lat' dir='ltr'>hahet</span> <span class='ocrx_word' id='word_1_205' title='bbox 1122 1894 1218 1926; x_wconf 83' lang='lat' dir='ltr'>cor</span> <span class='ocrx_word' id='word_1_206' title='bbox 1259 1878 1582 1944; x_wconf 70' lang='lat' dir='ltr'>explicatur:</span> <span class='ocrx_word' id='word_1_207' title='bbox 1644 1875 1806 1932; x_wconf 87' lang='lat' dir='ltr'>dicit,</span> <span class='ocrx_word' id='word_1_208' title='bbox 1862 1873 2005 1942; x_wconf 84' lang='lat' dir='ltr'>quod</span> 
     </span>
     <span class='ocr_line' id='line_1_25' title="bbox 227 1947 2008 2017; baseline -0.003 -19"><span class='ocrx_word' id='word_1_209' title='bbox 227 1965 363 2017; x_wconf 83' lang='lat' dir='ltr'>opus</span> <span class='ocrx_word' id='word_1_210' title='bbox 414 1947 484 1997; x_wconf 89' lang='lat' dir='ltr'>est</span> <span class='ocrx_word' id='word_1_211' title='bbox 520 1961 600 1986; x_wconf 55' lang='grc' dir='ltr'>-ἐ</span> <span class='ocrx_word' id='word_1_212' title='bbox 661 1965 738 1997; x_wconf 79' lang='grc' dir='ltr'>ιι.</span> <span class='ocrx_word' id='word_1_213' title='bbox 776 1964 908 1996; x_wconf 78' lang='lat' dir='ltr'>vero</span> <span class='ocrx_word' id='word_1_214' title='bbox 959 1949 1174 1997; x_wconf 83' lang='lat' dir='ltr'>vincam</span> <span class='ocrx_word' id='word_1_215' title='bbox 1221 1949 1377 1997; x_wconf 85' lang='lat' dir='ltr'>certis</span> <span class='ocrx_word' id='word_1_216' title='bbox 1430 1949 1764 2016; x_wconf 81' lang='lat' dir='ltr'>argumentis</span> <span class='ocrx_word' id='word_1_217' title='bbox 1827 1947 2008 2012; x_wconf 77' lang='lat' dir='ltr'>palam</span> 
     </span>
     <span class='ocr_line' id='line_1_26' title="bbox 222 2019 2007 2087; baseline -0.003 -19"><span class='ocrx_word' id='word_1_218' title='bbox 222 2019 416 2069; x_wconf 83' lang='lat' dir='ltr'>faciam</span> <span class='ocrx_word' id='word_1_219' title='bbox 451 2043 523 2057; x_wconf 76' lang='lat'>·--</span> <span class='ocrx_word' id='word_1_220' title='bbox 558 2030 655 2070; x_wconf 79' lang='lat'><strong>&#39;17.</strong></span> <span class='ocrx_word' id='word_1_221' title='bbox 692 2019 952 2083; x_wconf 76' lang='lat' dir='ltr'>gnaruris</span> <span class='ocrx_word' id='word_1_222' title='bbox 1004 2036 1110 2067; x_wconf 77' lang='lat' dir='ltr'>rem</span> <span class='ocrx_word' id='word_1_223' title='bbox 1150 2035 1348 2087; x_wconf 83' lang='lat' dir='ltr'>gnarus</span> <span class='ocrx_word' id='word_1_224' title='bbox 1385 2020 1466 2068; x_wconf 81' lang='lat' dir='ltr'>rei</span> <span class='ocrx_word' id='word_1_225' title='bbox 1503 2046 1574 2056; x_wconf 87' lang='lat'>-—-</span> <span class='ocrx_word' id='word_1_226' title='bbox 1619 2025 1695 2082; x_wconf 81' lang='lat'>18.</span> <span class='ocrx_word' id='word_1_227' title='bbox 1732 2035 1889 2085; x_wconf 83' lang='lat' dir='ltr'>quum</span> <span class='ocrx_word' id='word_1_228' title='bbox 1917 2035 2007 2064; x_wconf 75' lang='lat' dir='ltr'>ex-</span> 
     </span>
     <span class='ocr_line' id='line_1_27' title="bbox 224 2088 2084 2158; baseline -0.003 -18"><span class='ocrx_word' id='word_1_229' title='bbox 224 2091 428 2157; x_wconf 81' lang='lat' dir='ltr'>templo</span> <span class='ocrx_word' id='word_1_230' title='bbox 466 2089 710 2147; x_wconf 82' lang='lat' dir='ltr'>simulac,</span> <span class='ocrx_word' id='word_1_231' title='bbox 744 2091 1014 2157; x_wconf 78' lang='lat' dir='ltr'>externplo</span> <span class='ocrx_word' id='word_1_232' title='bbox 1063 2106 1252 2158; x_wconf 80' lang='lat' dir='ltr'>quam,</span> <span class='ocrx_word' id='word_1_233' title='bbox 1285 2102 1346 2138; x_wconf 84' lang='lat' dir='ltr'>vt</span> <span class='ocrx_word' id='word_1_234' title='bbox 1377 2090 1514 2140; x_wconf 79' lang='lat' dir='ltr'>Asin.</span> <span class='ocrx_word' id='word_1_235' title='bbox 1541 2109 1583 2138; x_wconf 83' lang='lat' dir='ltr'><strong>z.</strong></span> <span class='ocrx_word' id='word_1_236' title='bbox 1609 2108 1656 2150; x_wconf 78' lang='lat'><strong>4.</strong></span> <span class='ocrx_word' id='word_1_237' title='bbox 1686 2093 1766 2150; x_wconf 84' lang='lat'><strong>36.</strong></span> <span class='ocrx_word' id='word_1_238' title='bbox 1808 2088 2003 2136; x_wconf 83' lang='lat' dir='ltr'>Bacch.</span> <span class='ocrx_word' id='word_1_239' title='bbox 2073 2091 2084 2101; x_wconf 85' lang='grc'><em>“</em></span> 
     </span>
     <span class='ocr_line' id='line_1_28' title="bbox 232 2160 2007 2222; baseline -0.003 -10"><span class='ocrx_word' id='word_1_240' title='bbox 232 2180 353 2222; x_wconf 80' lang='lat'><strong>²·-3-</strong></span> <span class='ocrx_word' id='word_1_241' title='bbox 387 2179 467 2222; x_wconf 87' lang='lat'>70.</span> <span class='ocrx_word' id='word_1_242' title='bbox 524 2161 692 2209; x_wconf 82' lang='lat' dir='ltr'>Mete.</span> <span class='ocrx_word' id='word_1_243' title='bbox 730 2178 771 2209; x_wconf 86' lang='lat'><strong>2.</strong></span> <span class='ocrx_word' id='word_1_244' title='bbox 807 2178 850 2208; x_wconf 84' lang='lat'><strong>2.</strong></span> <span class='ocrx_word' id='word_1_245' title='bbox 885 2179 963 2220; x_wconf 80' lang='lat'>²4·</span> <span class='ocrx_word' id='word_1_246' title='bbox 1024 2160 1164 2210; x_wconf 77' lang='lat' dir='ltr'>Rud.</span> <span class='ocrx_word' id='word_1_247' title='bbox 1194 2180 1242 2222; x_wconf 90' lang='lat'>4.</span> <span class='ocrx_word' id='word_1_248' title='bbox 1274 2180 1319 2221; x_wconf 78' lang='lat'><strong>3.</strong></span> <span class='ocrx_word' id='word_1_249' title='bbox 1347 2179 1430 2216; x_wconf 72' lang='lat'>40·</span> <span class='ocrx_word' id='word_1_250' title='bbox 1482 2161 1637 2210; x_wconf 90' lang='lat' dir='ltr'>Trin.</span> <span class='ocrx_word' id='word_1_251' title='bbox 1666 2178 1710 2210; x_wconf 93' lang='lat'><strong>2.</strong></span> <span class='ocrx_word' id='word_1_252' title='bbox 1745 2177 1786 2210; x_wconf 88' lang='lat'><strong>1.</strong></span> <span class='ocrx_word' id='word_1_253' title='bbox 1824 2161 1898 2208; x_wconf 86' lang='lat'><strong>16.</strong></span> <span class='ocrx_word' id='word_1_254' title='bbox 1939 2187 2007 2195; x_wconf 90' lang='lat'>-—-</span> 
     </span>
     <span class='ocr_line' id='line_1_29' title="bbox 235 2224 2009 2304; baseline -0.003 -21"><span class='ocrx_word' id='word_1_255' title='bbox 235 2250 312 2295; x_wconf 86' lang='lat'><strong>19.</strong></span> <span class='ocrx_word' id='word_1_256' title='bbox 354 2224 657 2304; x_wconf 76' lang='lat' dir='ltr'>examuffim</span> <span class='ocrx_word' id='word_1_257' title='bbox 682 2228 938 2298; x_wconf 81' lang='lat' dir='ltr'>perfecte.</span> <span class='ocrx_word' id='word_1_258' title='bbox 978 2232 1176 2299; x_wconf 84' lang='lat' dir='ltr'>Amph.</span> <span class='ocrx_word' id='word_1_259' title='bbox 1207 2251 1250 2281; x_wconf 86' lang='lat'><strong>2.</strong></span> <span class='ocrx_word' id='word_1_260' title='bbox 1280 2251 1372 2282; x_wconf 60' lang='lat' dir='ltr'>2.oe</span> <span class='ocrx_word' id='word_1_261' title='bbox 1393 2251 1405 2279; x_wconf 80' lang='grc' dir='ltr'>ι</span> <span class='ocrx_word' id='word_1_262' title='bbox 1425 2251 1465 2290; x_wconf 78' lang='lat'>3·</span> <span class='ocrx_word' id='word_1_263' title='bbox 1507 2230 1814 2280; x_wconf 81' lang='lat' dir='ltr'>Men.Pr01.</span> <span class='ocrx_word' id='word_1_264' title='bbox 1838 2246 1915 2290; x_wconf 82' lang='lat'><strong>50.</strong></span> <span class='ocrx_word' id='word_1_265' title='bbox 1938 2256 2009 2266; x_wconf 81' lang='lat'>—-·</span> 
     </span>
     <span class='ocr_line' id='line_1_30' title="bbox 234 2301 2011 2371; baseline -0.002 -19"><span class='ocrx_word' id='word_1_266' title='bbox 234 2322 316 2353; x_wconf 82' lang='lat'><strong>22.</strong></span> <span class='ocrx_word' id='word_1_267' title='bbox 350 2322 415 2352; x_wconf 80' lang='lat' dir='ltr'>ne</span> <span class='ocrx_word' id='word_1_268' title='bbox 454 2313 711 2368; x_wconf 82' lang='lat' dir='ltr'>parcunt,</span> <span class='ocrx_word' id='word_1_269' title='bbox 764 2304 984 2371; x_wconf 73' lang='lat' dir='ltr'>antique</span> <span class='ocrx_word' id='word_1_270' title='bbox 1027 2320 1125 2371; x_wconf 86' lang='lat' dir='ltr'>pro</span> <span class='ocrx_word' id='word_1_271' title='bbox 1165 2320 1301 2361; x_wconf 88' lang='lat' dir='ltr'>non,</span> <span class='ocrx_word' id='word_1_272' title='bbox 1358 2315 1417 2352; x_wconf 85' lang='lat' dir='ltr'>vt</span> <span class='ocrx_word' id='word_1_273' title='bbox 1464 2320 1516 2352; x_wconf 78' lang='lat' dir='ltr'><strong>v.</strong></span> <span class='ocrx_word' id='word_1_274' title='bbox 1551 2319 1629 2366; x_wconf 87' lang='lat'>²9·</span> <span class='ocrx_word' id='word_1_275' title='bbox 1675 2301 1862 2350; x_wconf 83' lang='lat' dir='ltr'>nevult</span> <span class='ocrx_word' id='word_1_276' title='bbox 1909 2304 2011 2368; x_wconf 79' lang='lat' dir='ltr'>pro&#39;</span> 
     </span>
     <span class='ocr_line' id='line_1_31' title="bbox 229 2372 2006 2441; baseline -0.003 -17"><span class='ocrx_word' id='word_1_277' title='bbox 229 2374 460 2424; x_wconf 83' lang='lat' dir='ltr'>nonvult</span> <span class='ocrx_word' id='word_1_278' title='bbox 485 2400 556 2410; x_wconf 91' lang='lat'>-——</span> <span class='ocrx_word' id='word_1_279' title='bbox 597 2391 677 2433; x_wconf 87' lang='lat'><strong>30.</strong></span> <span class='ocrx_word' id='word_1_280' title='bbox 707 2374 1008 2438; x_wconf 75' lang='lat' dir='ltr'>per-pluunt</span> <span class='ocrx_word' id='word_1_281' title='bbox 1036 2377 1196 2439; x_wconf 75' lang='lat' dir='ltr'>tigna</span> <span class='ocrx_word' id='word_1_282' title='bbox 1227 2375 1600 2441; x_wconf 79' lang='lat' dir='ltr'>perpluuntur.</span> <span class='ocrx_word' id='word_1_283' title='bbox 1654 2372 1745 2422; x_wconf 89' lang='lat' dir='ltr'>Sic</span> <span class='ocrx_word' id='word_1_284' title='bbox 1773 2372 2006 2439; x_wconf 79' lang='lat' dir='ltr'>Quintil.</span> 
     </span>
     <span class='ocr_line' id='line_1_32' title="bbox 230 2443 2008 2514; baseline -0.002 -21"><span class='ocrx_word' id='word_1_285' title='bbox 230 2461 403 2513; x_wconf 88' lang='lat' dir='ltr'>quum</span> <span class='ocrx_word' id='word_1_286' title='bbox 426 2446 781 2495; x_wconf 83' lang='lat' dir='ltr'>coenaculum</span> <span class='ocrx_word' id='word_1_287' title='bbox 809 2447 1133 2513; x_wconf 86' lang='lat' dir='ltr'>perplueret.</span> <span class='ocrx_word' id='word_1_288' title='bbox 1176 2443 1381 2495; x_wconf 85' lang='lat' dir='ltr'>Festus:</span> <span class='ocrx_word' id='word_1_289' title='bbox 1413 2456 1594 2514; x_wconf 81' lang='lat' dir='ltr'>patera</span> <span class='ocrx_word' id='word_1_290' title='bbox 1613 2444 1863 2511; x_wconf 87' lang='lat' dir='ltr'>perpluit,</span> <span class='ocrx_word' id='word_1_291' title='bbox 1879 2458 2008 2509; x_wconf 82' lang='lat' dir='ltr'>pro:</span> 
     </span>
     <span class='ocr_line' id='line_1_33' title="bbox 227 2514 2008 2584; baseline -0.001 -21"><span class='ocrx_word' id='word_1_292' title='bbox 227 2515 437 2584; x_wconf 81' lang='lat' dir='ltr'>pertusa</span> <span class='ocrx_word' id='word_1_293' title='bbox 476 2514 561 2564; x_wconf 86' lang='lat' dir='ltr'>est.</span> <span class='ocrx_word' id='word_1_294' title='bbox 599 2514 732 2564; x_wconf 53' lang='lat' dir='ltr'>wid.</span> <span class='ocrx_word' id='word_1_295' title='bbox 765 2516 916 2565; x_wconf 82' lang='lat' dir='ltr'>Trin.</span> <span class='ocrx_word' id='word_1_296' title='bbox 947 2535 991 2564; x_wconf 87' lang='lat'><strong>2.</strong></span> <span class='ocrx_word' id='word_1_297' title='bbox 1022 2534 1066 2566; x_wconf 88' lang='lat'><strong>2.</strong></span> <span class='ocrx_word' id='word_1_298' title='bbox 1099 2533 1182 2576; x_wconf 85' lang='lat'>4²·</span> <span class='ocrx_word' id='word_1_299' title='bbox 1221 2544 1293 2553; x_wconf 93' lang='lat'>—-</span> <span class='ocrx_word' id='word_1_300' title='bbox 1351 2534 1429 2575; x_wconf 68' lang='lat'>35.</span> <span class='ocrx_word' id='word_1_301' title='bbox 1462 2527 1712 2566; x_wconf 79' lang='lat' dir='ltr'>mantare</span> <span class='ocrx_word' id='word_1_302' title='bbox 1748 2515 1782 2563; x_wconf 88' lang='lat' dir='ltr'>i.</span> <span class='ocrx_word' id='word_1_303' title='bbox 1807 2530 1857 2580; x_wconf 88' lang='lat' dir='ltr'><strong>q.</strong></span> <span class='ocrx_word' id='word_1_304' title='bbox 1899 2530 2008 2562; x_wconf 83' lang='lat' dir='ltr'>ma-</span> 
     </span>
     <span class='ocr_line' id='line_1_34' title="bbox 227 2585 2015 2655; baseline -0.002 -18"><span class='ocrx_word' id='word_1_305' title='bbox 227 2603 375 2643; x_wconf 86' lang='lat' dir='ltr'>nere,</span> <span class='ocrx_word' id='word_1_306' title='bbox 396 2586 698 2655; x_wconf 82' lang='lat' dir='ltr'>exspectare</span> <span class='ocrx_word' id='word_1_307' title='bbox 721 2612 791 2623; x_wconf 84' lang='lat'>———-</span> <span class='ocrx_word' id='word_1_308' title='bbox 826 2605 890 2647; x_wconf 76' lang='lat'>40</span> <span class='ocrx_word' id='word_1_309' title='bbox 918 2585 986 2636; x_wconf 82' lang='lat' dir='ltr'>ad</span> <span class='ocrx_word' id='word_1_310' title='bbox 1011 2604 1092 2647; x_wconf 83' lang='lat'><strong>47.</strong></span> <span class='ocrx_word' id='word_1_311' title='bbox 1120 2599 1365 2655; x_wconf 84' lang='lat' dir='ltr'>parentes</span> <span class='ocrx_word' id='word_1_312' title='bbox 1392 2588 1592 2644; x_wconf 85' lang='lat' dir='ltr'>liberis,</span> <span class='ocrx_word' id='word_1_313' title='bbox 1615 2601 1777 2654; x_wconf 83' lang='lat' dir='ltr'>quam</span> <span class='ocrx_word' id='word_1_314' title='bbox 1805 2586 2015 2651; x_wconf 79' lang='lat' dir='ltr'>optime</span> 
     </span>
     <span class='ocr_line' id='line_1_35' title="bbox 228 2654 2009 2727; baseline -0.002 -20"><span class='ocrx_word' id='word_1_315' title='bbox 228 2656 460 2727; x_wconf 77' lang='lat' dir='ltr'>possunt,</span> <span class='ocrx_word' id='word_1_316' title='bbox 512 2654 788 2707; x_wconf 85' lang='lat' dir='ltr'>consulere</span> <span class='ocrx_word' id='word_1_317' title='bbox 823 2669 1107 2715; x_wconf 83' lang='lat' dir='ltr'>conantur,</span> <span class='ocrx_word' id='word_1_318' title='bbox 1145 2670 1205 2707; x_wconf 82' lang='lat' dir='ltr'>vt</span> <span class='ocrx_word' id='word_1_319' title='bbox 1244 2659 1302 2708; x_wconf 82' lang='lat' dir='ltr'>fit</span> <span class='ocrx_word' id='word_1_320' title='bbox 1336 2675 1489 2708; x_wconf 87' lang='lat' dir='ltr'>mens</span> <span class='ocrx_word' id='word_1_321' title='bbox 1530 2658 1651 2708; x_wconf 78' lang='lat' dir='ltr'>[aua</span> <span class='ocrx_word' id='word_1_322' title='bbox 1696 2657 1754 2703; x_wconf 85' lang='lat' dir='ltr'>in</span> <span class='ocrx_word' id='word_1_323' title='bbox 1789 2672 2009 2722; x_wconf 81' lang='lat' dir='ltr'>corpore</span> 
     </span>
     <span class='ocr_line' id='line_1_36' title="bbox 234 2723 2011 2800; baseline -0.002 -23"><span class='ocrx_word' id='word_1_324' title='bbox 234 2729 461 2784; x_wconf 25' lang='lat' dir='ltr'>sanoz—</span> <span class='ocrx_word' id='word_1_325' title='bbox 514 2746 597 2785; x_wconf 82' lang='lat'>4²-</span> <span class='ocrx_word' id='word_1_326' title='bbox 648 2730 704 2777; x_wconf 87' lang='lat' dir='ltr'>in</span> <span class='ocrx_word' id='word_1_327' title='bbox 732 2723 971 2800; x_wconf 79' lang='lat' dir='ltr'>speciem</span> <span class='ocrx_word' id='word_1_328' title='bbox 1021 2729 1226 2795; x_wconf 80' lang='lat' dir='ltr'>populo</span> <span class='ocrx_word' id='word_1_329' title='bbox 1269 2731 1566 2797; x_wconf 82' lang='lat' dir='ltr'>explicatur</span> <span class='ocrx_word' id='word_1_330' title='bbox 1608 2747 1661 2776; x_wconf 83' lang='lat' dir='ltr'><strong>v.</strong></span> <span class='ocrx_word' id='word_1_331' title='bbox 1685 2743 1766 2785; x_wconf 90' lang='lat'><strong>47.</strong></span> <span class='ocrx_word' id='word_1_332' title='bbox 1810 2735 1876 2774; x_wconf 78' lang='lat' dir='ltr'>vt</span> <span class='ocrx_word' id='word_1_333' title='bbox 1913 2725 2011 2774; x_wconf 73' lang='lat' dir='ltr'>alii</span> 
     </span>
     <span class='ocr_line' id='line_1_37' title="bbox 229 2795 2014 2873; baseline -0.001 -26"><span class='ocrx_word' id='word_1_334' title='bbox 229 2795 595 2872; x_wconf 81' lang='lat' dir='ltr'>parentesfibi</span> <span class='ocrx_word' id='word_1_335' title='bbox 617 2795 717 2871; x_wconf 66' lang='lat' dir='ltr'>effe</span> <span class='ocrx_word' id='word_1_336' title='bbox 737 2799 950 2848; x_wconf 73' lang='lat' dir='ltr'>illorum</span> <span class='ocrx_word' id='word_1_337' title='bbox 973 2799 1285 2856; x_wconf 83' lang='lat' dir='ltr'>liberorum,</span> <span class='ocrx_word' id='word_1_338' title='bbox 1304 2799 1423 2851; x_wconf 84' lang='lat' dir='ltr'>suos</span> <span class='ocrx_word' id='word_1_339' title='bbox 1430 2797 1641 2873; x_wconf 79' lang='lat' dir='ltr'>similes</span> <span class='ocrx_word' id='word_1_340' title='bbox 1664 2807 2014 2864; x_wconf 62' lang='lat' dir='ltr'>expetant—7</span> 
     </span>
     <span class='ocr_line' id='line_1_38' title="bbox 233 2867 2011 2941; baseline -0.002 -21"><span class='ocrx_word' id='word_1_341' title='bbox 233 2889 318 2936; x_wconf 79' lang='lat'><strong>45.</strong></span> <span class='ocrx_word' id='word_1_342' title='bbox 347 2868 462 2941; x_wconf 81' lang='lat' dir='ltr'>fibi</span> <span class='ocrx_word' id='word_1_343' title='bbox 498 2885 657 2919; x_wconf 84' lang='lat' dir='ltr'>curae</span> <span class='ocrx_word' id='word_1_344' title='bbox 693 2867 814 2918; x_wconf 80' lang='lat' dir='ltr'>suae</span> <span class='ocrx_word' id='word_1_345' title='bbox 853 2872 1111 2920; x_wconf 74' lang='lat' dir='ltr'>materiae</span> <span class='ocrx_word' id='word_1_346' title='bbox 1161 2869 1366 2920; x_wconf 82' lang='lat' dir='ltr'>sumtui</span> <span class='ocrx_word' id='word_1_347' title='bbox 1411 2891 1476 2920; x_wconf 84' lang='lat' dir='ltr'>ne</span> <span class='ocrx_word' id='word_1_348' title='bbox 1522 2886 1636 2919; x_wconf 86' lang='lat' dir='ltr'>non</span> <span class='ocrx_word' id='word_1_349' title='bbox 1682 2881 2011 2935; x_wconf 74' lang='lat' dir='ltr'>parcunt-—</span> 
     </span>
     <span class='ocr_line' id='line_1_39' title="bbox 234 2939 2022 3008; baseline -0.003 -16"><span class='ocrx_word' id='word_1_350' title='bbox 234 2948 319 3002; x_wconf 81' lang='grc'>48.</span> <span class='ocrx_word' id='word_1_351' title='bbox 360 2941 434 2989; x_wconf 80' lang='lat' dir='ltr'>ad</span> <span class='ocrx_word' id='word_1_352' title='bbox 476 2940 739 3005; x_wconf 79' lang='lat' dir='ltr'>legionem</span> <span class='ocrx_word' id='word_1_353' title='bbox 786 2943 1115 3008; x_wconf 83' lang='lat' dir='ltr'>exercitum,</span> <span class='ocrx_word' id='word_1_354' title='bbox 1165 2942 1223 2989; x_wconf 88' lang='lat' dir='ltr'>in</span> <span class='ocrx_word' id='word_1_355' title='bbox 1266 2939 1473 2992; x_wconf 73' lang='lat' dir='ltr'>bellurh</span> <span class='ocrx_word' id='word_1_356' title='bbox 1515 2943 1727 2997; x_wconf 70' lang='lat' dir='ltr'>danunt</span> <span class='ocrx_word' id='word_1_357' title='bbox 1772 2939 1902 2988; x_wconf 82' lang='lat' dir='ltr'>dant</span> <span class='ocrx_word' id='word_1_358' title='bbox 1940 2939 2022 2987; x_wconf 72' lang='lat' dir='ltr'>iis·</span> 
     </span>
     <span class='ocr_line' id='line_1_40' title="bbox 235 3003 2013 3077; baseline -0.002 -16"><span class='ocrx_word' id='word_1_359' title='bbox 235 3012 619 3065; x_wconf 75' lang='lat' dir='ltr'>adminiculum</span> <span class='ocrx_word' id='word_1_360' title='bbox 657 3009 961 3071; x_wconf 84' lang='lat' dir='ltr'>custodem,</span> <span class='ocrx_word' id='word_1_361' title='bbox 996 3003 1321 3070; x_wconf 78' lang='lat' dir='ltr'>&#39;satellitem,</span> <span class='ocrx_word' id='word_1_362' title='bbox 1370 3030 1542 3062; x_wconf 83' lang='lat' dir='ltr'>vnum</span> <span class='ocrx_word' id='word_1_363' title='bbox 1588 3029 1617 3060; x_wconf 86' lang='lat' dir='ltr'>e</span> <span class='ocrx_word' id='word_1_364' title='bbox 1666 3010 1909 3077; x_wconf 83' lang='lat' dir='ltr'>cognatis</span> <span class='ocrx_word' id='word_1_365' title='bbox 1941 3035 2013 3046; x_wconf 88' lang='lat'>-—-</span> 
     </span>
     <span class='ocr_line' id='line_1_41' title="bbox 242 3081 2012 3158; baseline -0.001 -29"><span class='ocrx_word' id='word_1_366' title='bbox 242 3101 322 3144; x_wconf 83' lang='lat'>5¹·</span> <span class='ocrx_word' id='word_1_367' title='bbox 355 3100 519 3131; x_wconf 76' lang='lat' dir='ltr'>vnum</span> <span class='ocrx_word' id='word_1_368' title='bbox 542 3081 639 3130; x_wconf 81' lang='lat' dir='ltr'>vbi</span> <span class='ocrx_word' id='word_1_369' title='bbox 665 3084 937 3131; x_wconf 79' lang='lat' dir='ltr'>emeritum</span> <span class='ocrx_word' id='word_1_370' title='bbox 973 3081 1047 3157; x_wconf 67' lang='lat' dir='ltr'>esi</span> <span class='ocrx_word' id='word_1_371' title='bbox 1060 3082 1400 3158; x_wconf 79' lang='lat' dir='ltr'>stipendium</span> <span class='ocrx_word' id='word_1_372' title='bbox 1426 3085 1521 3133; x_wconf 88' lang='lat' dir='ltr'>vbi</span> <span class='ocrx_word' id='word_1_373' title='bbox 1553 3096 1769 3149; x_wconf 85' lang='lat' dir='ltr'>tempus</span> <span class='ocrx_word' id='word_1_374' title='bbox 1806 3081 2012 3149; x_wconf 82' lang='lat' dir='ltr'>primae</span> 
     </span>
     <span class='ocr_line' id='line_1_42' title="bbox 234 3150 2014 3219; baseline -0.002 -17"><span class='ocrx_word' id='word_1_375' title='bbox 234 3151 463 3202; x_wconf 84' lang='lat' dir='ltr'>militiae</span> <span class='ocrx_word' id='word_1_376' title='bbox 486 3151 705 3201; x_wconf 81' lang='lat' dir='ltr'>finitum</span> <span class='ocrx_word' id='word_1_377' title='bbox 729 3152 813 3202; x_wconf 87' lang='lat' dir='ltr'>est.</span> <span class='ocrx_word' id='word_1_378' title='bbox 853 3152 921 3203; x_wconf 86' lang='lat' dir='ltr'>cf.</span> <span class='ocrx_word' id='word_1_379' title='bbox 948 3153 1061 3204; x_wconf 74' lang='lat' dir='ltr'><strong>Cas.</strong></span> <span class='ocrx_word' id='word_1_380' title='bbox 1087 3175 1128 3205; x_wconf 83' lang='lat'><strong>2.</strong></span> <span class='ocrx_word' id='word_1_381' title='bbox 1162 3172 1205 3204; x_wconf 87' lang='lat'><strong>2.</strong></span> <span class='ocrx_word' id='word_1_382' title='bbox 1230 3170 1312 3215; x_wconf 67' lang='lat'><strong>40.</strong></span> <span class='ocrx_word' id='word_1_383' title='bbox 1338 3182 1408 3192; x_wconf 80' lang='lat'>—-—</span> <span class='ocrx_word' id='word_1_384' title='bbox 1447 3156 1617 3219; x_wconf 76' lang='lat' dir='ltr'>igitur</span> <span class='ocrx_word' id='word_1_385' title='bbox 1642 3162 1756 3200; x_wconf 77' lang='lat' dir='ltr'>tum</span> <span class='ocrx_word' id='word_1_386' title='bbox 1790 3150 2014 3199; x_wconf 85' lang='lat' dir='ltr'>tandem</span> 
     </span>
     <span class='ocr_line' id='line_1_43' title="bbox 235 3222 2015 3299; baseline -0.002 -27"><span class='ocrx_word' id='word_1_387' title='bbox 235 3222 448 3273; x_wconf 79' lang='lat' dir='ltr'>custode</span> <span class='ocrx_word' id='word_1_388' title='bbox 484 3236 693 3274; x_wconf 86' lang='lat' dir='ltr'>remoto</span> <span class='ocrx_word' id='word_1_389' title='bbox 733 3250 804 3260; x_wconf 89' lang='lat'>—-</span> <span class='ocrx_word' id='word_1_390' title='bbox 866 3232 945 3286; x_wconf 83' lang='lat'><strong>58.</strong></span> <span class='ocrx_word' id='word_1_391' title='bbox 987 3223 1273 3299; x_wconf 60' lang='lat' dir='ltr'>pcfft&#39;cjuam</span> <span class='ocrx_word' id='word_1_392' title='bbox 1323 3227 1613 3291; x_wconf 80' lang='lat' dir='ltr'>inmigraui</span> <span class='ocrx_word' id='word_1_393' title='bbox 1648 3224 1703 3273; x_wconf 82' lang='lat' dir='ltr'>in</span> <span class='ocrx_word' id='word_1_394' title='bbox 1748 3223 2015 3287; x_wconf 81' lang='lat' dir='ltr'>ingenium</span> 
     </span>
     <span class='ocr_line' id='line_1_44' title="bbox 235 3288 2015 3367; baseline -0.003 -23"><span class='ocrx_word' id='word_1_395' title='bbox 235 3313 401 3345; x_wconf 73' lang='lat' dir='ltr'>meum</span> <span class='ocrx_word' id='word_1_396' title='bbox 437 3295 560 3346; x_wconf 82' lang='lat' dir='ltr'>Ter.</span> <span class='ocrx_word' id='word_1_397' title='bbox 590 3293 752 3345; x_wconf 85' lang='lat' dir='ltr'>Andr.</span> <span class='ocrx_word' id='word_1_398' title='bbox 785 3312 826 3346; x_wconf 83' lang='lat'><strong>1.</strong></span> <span class='ocrx_word' id='word_1_399' title='bbox 859 3312 1015 3360; x_wconf 80' lang='lat'>¹·-²5·</span> <span class='ocrx_word' id='word_1_400' title='bbox 1058 3288 1336 3367; x_wconf 54' lang='lat' dir='ltr'>postqffam</span> <span class='ocrx_word' id='word_1_401' title='bbox 1381 3298 1606 3348; x_wconf 77' lang='lat' dir='ltr'>liberius</span> <span class='ocrx_word' id='word_1_402' title='bbox 1651 3292 1876 3345; x_wconf 85' lang='lat' dir='ltr'>viuendi</span> <span class='ocrx_word' id='word_1_403' title='bbox 1907 3289 2015 3342; x_wconf 80' lang='lat' dir='ltr'>fuit</span> 
     </span>
    </p>
   </div>
  </div>
 </body>
</html>
