2144 3554
921 169 1169 187 -··-
1344 143 1358 149 “
1818 162 1938 220 24⁷

372 270 1665 372 'COMMENTAR1vs

385 452 387 454 ’
518 435 521 439 ’
729 473 840 525 IN
936 471 1358 526 PLAvTi

153 571 873 724 M1'141T13M
975 591 1937 705 GL0R1ova.

769 911 858 963 IN
916 912 1211 965 AchM
1279 915 1321 965 Ι.

266 1018 313 1054 2.
352 1001 476 1052 olim
527 999 850 1053 aduerbium
905 1017 1019 1051 non
1065 1001 1338 1070 praeteriti
1378 999 1583 1061 solum,
1635 1000 1725 1052 sed
1766 1000 1938 1055 futuri

152 1073 316 1125 etiam
345 1068 710 1143 praesentisue
735 1071 835 1123 effe
861 1073 1141 1141 temporis,
1181 1086 1372 1133 notum
1407 1072 1476 1123 est
1510 1103 1581 1112 —
1619 1074 1746 1124 olim
1775 1092 1937 1143 quum

191 1145 378 1197 uotiee
404 1172 495 1184 --·
493 1136 698 1219 sudum
739 1141 814 1217 est
852 1141 926 1194 l'ol
962 1143 1082 1193 luce
1121 1140 1317 1212 fulget,
1367 1159 1529 1211 quam
1564 1142 1731 1212 potest
1756 1146 1937 1195 claris·

153 1161 281 1266 iluna
322 1243 394 1257 -—
452 1232 497 1275 3.
550 1224 739 1265 contra
779 1230 866 1264 me
917 1208 1170 1289 conserta
1227 1233 1384 1264 manu
1430 1216 1544 1265 acie
1590 1215 1820 1266 hostium
1860 1218 1939 1265 in-

151 1285 341 1356 ftmcta
375 1313 446 1326 -
484 1301 532 1344 4.
570 1301 667 1356 pro
705 1282 1083 1357 praestringat
1114 1286 1412 1337 Lambinus
1444 1286 1730 1338 contendit
1763 1288 1939 1356 legen-

153 1352 288 1411 dum
313 1352 696 1478 'pruffling-uae
728 1356 998 1408 obcaecet.
1076 1355 1180 1405 Sed
1215 1374 1328 1408 non
1358 1356 1458 1407 effe
1492 1357 1748 1408 viderunt
1785 1358 1940 1425 pleri-

174 1421 279 1488 ‘ue,
317 1443 426 1500 quo
497 1443 522 1476 a
556 1427 790 1480 lectione
821 1427 937 1478 ΜΠ.
970 1426 1296 1479 discedatur.
1372 1428 1616 1480 Nonius:
1667 1427 1938 1481 stricturae

195 1503 415 1551 icunmr
435 1494 652 1571 proprie
678 1497 955 1557 scintillae,
995 1510 1134 1570 quae
1168 1498 1234 1548 de
1268 1497 1407 1550 ferro
1449 1497 1685 1551 feruenti
1721 1511 1938 1559 exeunt,

154 1572 165 1589 ‘
193 1571 304 1622 uod
331 1578 430 1622 'aut
454 1568 628 1620 stricte
657 1571 999 1631 emittantur,
1045 1570 1150 1620 hoc
1180 1568 1276 1627 est.
1312 1571 1582 1630 celeriter,
1627 1582 1719 1622 aut
1752 1572 1939 1624 oculos

153 1590 254 1695 ἓιιο
302 1640 514 1711 fulgore
552 1639 951 1712 praestringant.
1051 1638 1312 1693 Asconius
1359 1641 1487 1693 Ped.
1540 1642 1606 1693 ad
1652 1643 1936 1694 Ciceroni·

153 1711 530 1795 praestringat
589 1713 758 1764 aciem
813 1712 1014 1764 rectius
1060 1714 1251 1779 probat
1285 1713 1393 1764 dici
1440 1715 1626 1766 oculos
1704 1712 1937 1764 raestrin-

153 1789 309 1856 gere,
354 1799 519 1857 quam
570 1782 990 1854 praestringuere
1027 1795 1129 1834 etc.
1168 1813 1240 1824 -·-
1295 1802 1336 1846 ς.
1376 1786 1505 1835 mihi
1549 1799 1609 1836 vt
1652 1733 1808 1854 ildepe
1838 1804 1941 1836 ποι-

152 1857 329 1930 ρέλκει
367 1883 440 1895 -
489 1857 824 1907 machaeram
863 1855 982 1905 vult
1013 1850 1288 1929 consolari
1323 1855 1585 1925 sanguine
1631 1855 1937 1914 fundendo,

150 1943 224 1979 ne
254 1934 356 1977 etc.
379 1935 469 1966 ¹-
514 1928 550 1977 6¹
575 1925 641 1977 ad
674 1933 720 1977 8.
759 1924 1002 1977 adfectus
1031 1927 1303 1977 humanos
1346 1927 1729 1980 adcommodat
1757 1926 1939 1997 gladio

153 1996 252 2050 suo
282 2025 354 2036 -
388 2002 436 2049 8.
478 2013 576 2066 pro
604 1990 854 2070 fratrem
891 1998 1171 2048 Salmasius
1198 1998 1316 2049 vult
1326 1992 1553 2070 fratres
1587 2010 1639 2049 et
1681 2000 1937 2069 explicat:

0 2063 2 2066 ⁵
86 2073 87 2077 ’
142 2066 328 2121 'hostes
356 2081 534 2120 morte
558 2066 747 2119 fratrea
783 2080 838 2119 et
876 2085 1028 2134 pares
1064 2067 1258 2119 facere.
1333 2068 1612 2120 Gronovio
1647 2087 1744 2140 pro
1777 2068 1941 2145 gestit

135 2134 391 2217 fratrem
413 2141 591 2210 placet
621 2138 784 2216 gaessit
814 2138 983 2224 offam
1013 2140 1188 2191 facere
1215 2156 1275 2190 ex
1310 2139 1569 2200 hostibus,
1612 2152 1672 2190 vt
1702 2142 1871 2193 Truc.
1893 2159 1939 2192 ι.

155 2211 307 2275 7.61.
347 2209 418 2261 est
453 2208 671 2287 offatim
709 2212 1048 2279 concipilabo
1089 2223 1144 2260 et
1179 2214 1332 2273 v.65.
1377 2209 1595 2286 offatim
1634 2207 1963 2288 conficiam(

152 2282 425 2342 Muretus,
453 2278 616 2353 quem
637 2284 884 2351 plerique
907 2283 1000 2332 hic
1021 2283 1229 2353 sequuti
1253 2280 1391 2342 sunt,
1413 2283 1753 2334 emendanit:
1790 2283 1944 2347 gestit

138 2347 398 2476 {arctum
428 2353 633 2416 facere3
675 2355 766 2405 alii
772 2350 1048 2428 fractum.
1123 2353 1460 2406 Camerarius
1484 2357 1681 2405 retinet
1700 2346 1946 2428 fra'trem

180 2424 371 2495 iquido
410 2426 468 2476 in
504 2423 663 2477 codd.
703 2425 1023 2496 expreffum,
1059 2437 1112 2475 et
1149 2426 1406 2495 explicat:
1444 2425 1675 2495 gloriose
1710 2428 1947 2477 militem

154 2498 364 2567 nugari,
406 2495 590 2549 ensem
610 2494 765 2548 suam
792 2496 1004 2568 gestire:
1049 2499 1321 2548 cruentari
1347 2501 1416 2551 ,in
1446 2496 1702 2554 hostibus,
1738 2496 1954 2548 hostem

156 2568 357 2620 habere
388 2564 859 2644 consanguineum.
944 2567 1226 2637 Ingeniose
1260 2569 1511 2638 quidem,
1562 2566 1651 2618 sed
1694 2580 1947 2635 quotum-

158 2651 430 2710 quemque
449 2638 807 2709 spectatorum
820 2641 1042 2691 Plautus
1064 2639 1204 2690 hanc
1222 2638 1464 2690 mentem
1485 2641 1629 2690 suam
1648 2641 1951 2690 intellectu-

159 2726 285 2763 rum
308 2710 527 2780 “poterat
551 2711 793 2780 sperare?
843 2711 989 2762 Mihi
1021 2710 1245 2779 quidem
1267 2713 1460 2763 militis
1491 2711 1725 2762 ruditate
1747 2710 1949 2780 dignis·

165 2780 321 2840 lima,
365 2794 421 2832 et
459 2781 776 2852 recipienda
810 2783 1101 2833 videbatur
1139 2782 1301 2858 lecti'o
1321 2776 1582 2856 farctum
1616 2811 1687 2820 —
1736 2798 1785 2846 9.
1824 2780 1949 2832 satie

163 2847 343 2908 fumet·
359 2863 684 2921 propterte,
711 2856 883 2924 quum
905 2869 1035 2903 vero
1057 2854 1221 2903 huius
1245 2864 1300 2902 te
1318 2856 1431 2903 vim
1457 2864 1646 2923 augeat
1670 2855 1949 2920 paralitus:

108 2974 118 2981 ,
165 2921 347 2973 virum
366 2921 708 2984 fortitudine,
747 2924 982 2983 fOrtuna,
1020 2922 1211 2982 forma,
1247 2925 1520 2993 rebusque
1548 2924 1703 2993 gestis
1730 2942 1799 2974 ne
1818 2924 1947 2993 ‘ipsis

166 2992 389 3062 quidem
414 2990 723 3047 [secundum
757 2995 890 3056 diis,
940 3012 1103 3066 quam
1143 3011 1347 3045 vanum
1392 2996 1680 3065 laudisque
1729 2996 1952 3046 nouerit

165 3064 402 3115 militem
446 3067 545 3117 effe
582 3065 969 3126 insatiabilem,
1017 3067 1220 3115 coniici
1257 3065 1417 3117 facile
1453 3067 1623 3136 potest
1655 3095 1727 3104 —-
1768 3085 1846 3126 ¹3·
1869 3081 1948 3126 14.

167 3150 390 3203 quemne
416 3138 713 3206 explicant:
773 3157 955 3188 eumne
986 3140 1226 3188 Martem
1258 3149 1359 3189 etc.
1401 3156 1516 3189 non
1550 3138 1712 3188 video
1750 3148 1951 3192 autern,

167 3206 265 3274 qui
290 3205 550 3268 Martem,
592 3210 684 3258 vel
719 3210 827 3259 ioci
867 3208 1048 3266 causa,
1088 3209 1268 3258 dicere
1296 3207 1467 3278 ‘possit
1494 3209 1741 3278 Neptuni
1788 3222 1957 3275 nepo-

164 3288 296 3329 tem.
368 3277 651 3348 Explicare
677 3282 894 3341 malim:
933 3278 1111 3335 [aluus
1148 3292 1368 3352 propter
1406 3296 1498 3333 me
1539 3283 1587 3331 is
1617 3279 1954 3348 Artotrogus,
