2144 3554
235 189 353 259 236
772 202 847 247 m
893 184 1471 270 MENAncumoitvM'
1543 250 1549 255 ,

233 338 321 390 est.
394 339 462 388 Vt
488 337 725 387 Gronov.
762 336 946 394 docet,
985 353 1100 386 non
1139 318 1362 405 quidem
1394 338 1655 396 Pinthia,
1700 335 2009 396 sedtamen

234 411 496 462 Phintias
542 409 767 476 aliquis,
817 407 930 476 post
966 409 1352 476 Agathoclem,
1404 425 1516 461 non
1553 409 1817 473 Syracusis
1863 417 2008 475 vero,

230 481 324 531 sed
360 481 671 549 Agrigenti,
725 479 1067 530 dominatum
1103 479 1430 540 obtinuisse,
1491 498 1518 531 a
1558 479 1805 529 Diodoro
1826 476 2010 533 Siculo

228 554 394 603 L.22.
449 563 708 600 narratur.
807 551 1002 619 Liparo
1056 551 1248 619 aliquis
1309 552 1364 601 in
1426 552 1527 600 alia
1593 551 1812 600 Siciliae
1861 564 2012 620 parte
2065 611 2067 614 ¹
2127 572 2131 585 ·

230 621 466 690 regnasse
499 619 702 689 potest,
747 622 875 669 licet
910 637 1112 686 nomen
1150 623 1270 671 eius
1306 623 1363 671 in
1403 622 1618 673 historia
1656 623 2007 675 interciderit.

227 692 349 744 Nec
385 709 578 741 verum
614 691 709 750 est,
763 693 1062 742 Hieronem
1106 709 1334 761 regnum
1373 693 1633 763 adcepiffe
1677 711 1704 744 a
1739 694 2010 762 Liparone

227 767 283 814 ei
314 763 598 821 traditum,
650 762 798 830 quod
841 763 938 810 vni
971 764 1161 813 virtuti
1194 762 1316 813 suae
1352 767 1669 834 ciuiumque
1709 766 1880 814 amori
1921 766 2009 815 de·-

226 835 404 886 bebat.
478 835 585 886 Alii
617 835 782 884 aliter.
856 834 1064 883 Petitus
1095 835 1239 890 vult,
1263 835 1549 893 ,Pinthiam
1573 835 2008 904 Liparonemque

227 918 344 956 non
388 905 488 956 esse
532 906 695 963 alios,
743 922 908 974 quam
947 906 1296 973 Agathoclem
1340 904 1545 974 ipsum,
1595 908 1839 973 quinon
1876 910 2006 958 Pin-

225 979 347 1027 thia
378 975 469 1025 sed
496 966 778 1026 Hintlzias
812 989 1036 1027 vocatus
1065 977 1124 1026 sit
1154 974 1257 1026 σι’πό
1280 976 1372 1028 τοῦ
1399 979 1643 1036 πλίντου,
1694 975 1841 1046 quod
1871 977 2009 1047 figliss

223 1058 353 1099 nam
388 1049 608 1097 iuuenis
646 1045 877 1116 fecerit,
908 1050 1139 1116 Lyparo
1168 1059 1382 1104 autem,
1421 1058 1534 1099 non·
1572 1047 1813 1113 Lipar0,
1865 1065 1892 1098 a
1921 1053 2010 1109 λυ·ἱ

222 1117 386 1187 παρός
417 1117 507 1169 seu
540 1116 778 1184 λυπηρός,
813 1116 1021 1177 saeuus,
1059 1117 1309 1175 molestus
1344 1147 1414 1158 ——
1449 1119 1534 1168 62.
1568 1120 1864 1186 pernegari
1897 1124 2005 1169 non

220 1187 403 1264 potest
443 1189 689 1240 eundum
742 1188 844 1246 est,
901 1205 1014 1258 quo
1068 1188 1264 1243 mulier
1307 1200 1480 1240 vocat
1525 1219 1596 1229 -—
1657 1207 1741 1252 7¹·
1779 1191 1914 1259 qnid
1951 1201 2007 1239 te

224 1261 421 1310 amabo
459 1261 621 1311 orabo
659 1268 726 1309 vt
757 1254 958 1330 facias
1004 1290 1076 1299 —-—
1131 1277 1217 1322 7²·
1252 1262 1328 1310 ad
1359 1262 1719 1329 phrygionem
1767 1264 1862 1330 qui
1902 1277 2005 1312 acu

222 1332 513 1401 pingebat,
562 1344 624 1381 vt
665 1330 887 1380 adiiciat
924 1344 1268 1390 ornamenta,
1319 1343 1373 1380 et
1409 1333 1634 1399 picturis
1675 1332 1877 1401 pallam·
1915 1348 2004 1382 va·

222 1404 397 1471 rieget
424 1432 495 1441 —
535 1419 617 1463 78.
642 1399 737 1474 st!
770 1396 921 1477 scire
953 1404 1044 1451 vis
1086 1403 1220 1452 dicit
1254 1401 1646 1454 Menaechmus
1691 1403 2000 1471 respiciens,

222 1491 292 1525 an
334 1475 584 1524 Erotium
630 1473 741 1522 iam
791 1475 1078 1523 intrauerit
1120 1501 1191 1511 -—-
1247 1490 1331 1536 79.
1366 1475 1499 1542 qnid
1547 1491 1672 1540 ergo
1708 1474 1902 1524 iubes?
1934 1503 2005 1513 --

222 1564 363 1612 opus
392 1543 466 1617 eft
497 1545 649 1611 prius
674 1559 835 1613 quam
867 1561 997 1595 vero
1027 1545 1327 1612 eloquatur,
1363 1545 1497 1613 quid
1528 1560 1663 1613 opus
1690 1546 1765 1603 sit,
1804 1546 2001 1595 iterum

222 1618 439 1665 ianuam
463 1613 695 1683 respicit,
741 1631 903 1682 quare
934 1617 1066 1683 qnid
1091 1633 1227 1680 opus
1257 1613 1370 1690 ess?
1405 1614 1587 1666 seruus
1615 1623 1785 1685 rogat,
1818 1632 2001 1672 morae

218 1689 507 1756 inpatiens
539 1715 612 1726 -—
652 1678 959 1761 Men.sci0,
993 1698 1057 1736 vt
1085 1705 1164 1734 me
1192 1688 1338 1737 dices
1353 1688 1397 1755 fi.
1417 1704 1462 1736 e.
1505 1688 1699 1738 iterum
1732 1689 2000 1745 monebiS,

217 1771 280 1809 vt
310 1776 352 1809 2.
378 1776 420 1807 2.
443 1761 507 1819 67
529 1755 640 1825 sqq.
687 1785 759 1795 -—
820 1757 970 1806 lVIeIs.
1011 1767 1172 1808 tanto
1203 1761 1424 1827 nequior
1457 1776 1512 1809 es
1538 1759 1604 1816 fi,
1657 1761 2000 1815 monitorum

216 1845 470 1879 meorum
507 1845 749 1886 mernor,
799 1839 981 1878 tamen
1019 1829 1253 1878 intrabis
1279 1859 1350 1867 —
1389 1835 1471 1890 87.
1514 1832 1673 1881 nauis
1706 1831 1995 1896 praedato-

213 1902 306 1950 ria
347 1902 598 1950 meretrix
625 1918 684 1949 ¹2.
710 1902 855 1963 2.69.
904 1929 975 1939 —
1019 1901 1170 1950 ducit
1210 1901 1435 1952 lembum
1473 1900 1662 1951 herum
1705 1903 1996 1953 dierectum

200 1972 277 2031 *in
309 1973 506 2023 malam
535 1988 651 2036 rem
683 1970 838 2042 capt.
860 1989 905 2032 3.
925 1990 973 2034 4.
998 1974 1110 2034 103'.

488 2209 491 2213 ,
537 2157 637 2211 .1N
698 2118 967 2207 ACTVS
1018 2158 1128 2214 111.
1218 2155 1564 2207 SCENAM
1615 2158 1656 2208 I.

319 2267 370 2314 4.
410 2251 542 2302 dum
564 2253 711 2301 hieto
750 2264 930 2321 aperto
971 2267 1062 2301 ore
1093 2250 1251 2308 adsto,
1291 2264 1406 2301 toto
1439 2254 1621 2303 animo
1648 2251 1713 2301 ad
1740 2267 1817 2309 ea,
1889 2266 1997 2301 uae

215 2325 276 2373 in
313 2323 434 2374 foro
459 2336 736 2391 aguntur,
787 2323 1038 2373 adtentus
1080 2351 1150 2362 -—
1210 2323 1259 2371 6.
1297 2325 1390 2391 qui
1426 2321 1594 2372 illnm'
1621 2325 1702 2372 dii
1730 2341 1830 2389 per
1864 2333 1997 2375 'antf

214 2395 397 2444 Sicsset
421 2392 561 2445 Pers.
575 2412 628 2455 -ς,
652 2413 695 2444 z.
714 2394 762 2445 6.
803 2397 898 2463 qni
929 2395 1076 2444 illum
1101 2392 1338 2451 Persam,
1388 2405 1546 2462 atque
1576 2410 1764 2444 omnes
1790 2392 1990 2451 Persas,

214 2461 378 2534 atque
420 2467 583 2516 etiam
631 2481 819 2516 omnes
873 2465 1124 2535 personas
1170 2464 1248 2513 dii
1288 2462 1540 2532 perdant!
1587 2466 1987 2525 Truc.4.2·.78.

208 2538 308 2604 qui
348 2534 503 2609 ssum
541 2536 891 2604 dii-perdant.
928 2536 998 2587 cf.
1026 2534 1141 2586 Cas.
1166 2554 1272 2591 ²·4·
1301 2553 1339 2584 ι.
1415 2537 1686 2587 Omnibus
1729 2537 1813 2585 his
1851 2536 1989 2586 locis

210 2605 392 2658 forsan
433 2606 548 2677 post
582 2610 676 2676 qni
711 2607 952 2658 dicturus
985 2607 1190 2675 aliquid
1224 2605 1356 2666 fuit,
1403 2607 1577 2675 quod,
1628 2606 1989 2658 exsecratione

212 2680 310 2731 fibi
346 2680 585 2747 potiore,
615 2674 881 2729 reticuiffe‘
913 2678 1129 2729 videtur
1158 2707 1230 2716 -
1276 2694 1322 2741 9.
1360 2674 1547 2755 census
1579 2677 1807 2744 capiant
1838 2678 1986 2727 illico

209 2750 507 2811 Turnebus
533 2751 790 2819 explicat:
817 2751 1132 2819 pigneribus
1167 2751 1333 2817 captis
1368 2753 1717 2809 mulctentur,
1756 2763 1815 2799 vt
1842 2747 1986 2798 sena-

210 2832 383 2878 tores,
421 2822 548 2888 qui,
595 2822 840 2879 inuitati,
879 2824 936 2869 in
970 2821 1213 2872 senatum
1247 2836 1359 2870 non
1389 2834 1669 2871 venerunt.
1749 2821 1983 2871 Gronov.

210 2908 310 2960 pro
330 2895 558 2958 capiant
578 2893 683 2960 legi
706 2894 915 2943 mauult
937 2903 1163 2953 careant
1186 2889 1373 2942 census
1399 2889 1548 2958 Parte
1563 2893 1896 2942 mulctentur
1915 2919 1987 2933 .-—

216 2979 297 3014 10.
338 2965 393 3016 ,in
432 2965 549 3012 dies
585 2965 678 3031 qni
694 2961 954 3034 singulas
990 2959 1139 3039 escas
1179 2963 1347 3012 edunt
1390 2965 1685 3032 explicant3
1727 2965 1850 3025 alii:
1891 2963 1986 3031 qui

210 3032 374 3083 semel
400 3045 610 3084 tantum
637 3045 690 3083 te
720 3035 807 3082 die
830 3035 1025 3095 edunt;
1065 3035 1183 3084 alii:
1213 3035 1308 3103 qui
1332 3032 1505 3084 solent
1525 3038 1858 3095 μονοφαγεῖν,
1887 3034 1992 3100 qui'

209 3105 307 3156 soli
347 3105 532 3163 edunt,
569 3121 745 3172 neque
783 3119 998 3164 vocant,
1043 3104 1231 3173 neque
1249 3116 1529 3161 vocantur,
1582 3105 1778 3173 quibus
1815 3106 1990 3173 igitur'

207 3192 322 3228 non
348 3176 454 3226 hoc
487 3178 694 3245 negotii
740 3175 837 3234 est,
878 3190 938 3227 vt
960 3179 1047 3226 vel
1069 3178 1276 3228 vocatis
1305 3176 1453 3225 dorni
1477 3175 1598 3225 suae
1629 3174 1830 3244 praesto
1864 3177 1979 3234 sint,

205 3249 293 3297 vel
334 3248 514 3298 vocati
563 3248 788 3297 veniant
831 3247 1067 3314 tempori
1108 3276 1177 3292 -.-
1235 3264 1311 3306 13.
1355 3244 1650 3321 perdidgffe
1693 3249 1981 3312 prandium

201 3316 663 3390 παραδειπνηθῆναι
703 3317 1044 3377 domicaenio
1086 3316 1243 3370 adfici
1270 3343 1340 3357 -—
1383 3327 1463 3382 17.
1499 3321 1660 3370 venio
1694 3312 1981 3394 aduotsum
