2144 3554
653 137 856 184 act-va
890 120 970 182 ll.
1033 137 1291 191 scenam
1330 121 1437 186 lv.
1463 123 1541 187 V.
1864 142 1981 199 347

126 285 132 299 ²
203 270 489 329 tundendo
524 272 926 325 cruentauerim
958 299 1031 313 --
1064 274 1379 325 mor-ticinus
1417 275 1734 326 conuitium
1771 277 1831 326 in
1871 292 1981 335 eoa,

109 386 131 412 „
245 348 303 397 ui
329 343 468 396 facie
489 341 612 401 sunt
635 341 884 412 exsangui
912 342 1000 394 seu
1024 342 1358 401 cadauerosa‚
1398 347 1591 395 vt'Per.
1614 347 1744 399 Hec.
1771 366 1811 398 ι.
1830 351 1878 396 6.
1907 365 1977 401 ιτ.

204 362 522 468 {lutarchm
567 416 699 466 talen
748 424 906 466 vocat
949 417 1218 479 vnnpoe'duc.
1311 414 1695 485 Sargastionem
1744 418 1980 485 palluisse

205 489 409 540 mirum
435 500 564 537 nont
592 483 661 535 est
695 504 735 535 1.
764 503 803 536 ι.
828 504 884 533 zc
908 482 983 553 sq.
1017 513 1088 524 —
1126 504 1142 535 t
1163 504 1203 540 ς.
1243 487 1351 536 iam
1390 486 1723 539 incubitatus
1765 507 1820 538 es
1862 506 1980 557 pac·

207 556 434 613 dicatus,
472 553 735 625 stupratus
759 559 837 598 -'
877 573 951 616 ¹4·
992 554 1107 605 sum
1134 557 1374 626 quidem.
1417 557 1503 608 sed
1534 577 1640 610 non
1664 562 1843 625 gratis
1875 561 1981 611 fine

205 625 642 696 mercede-pacta
692 655 763 667 -
822 631 895 677 16.
930 626 1083 746 qnod
1124 630 1264 679 dicis
1311 628 1461 699 quod
1518 646 1604 679 me
1651 630 1981 696 interrogasti

205 697 497 763 (obscoene
530 698 887 763 intellectum)
952 714 1102 749 acere
1139 710 1341 755 tuaton
1365 702 1487 767 quis
1523 729 1593 741 --
1638 718 1712 759 ¹7·
1750 704 1986 769 antiqui·

205 780 293 821 tue
341 786 501 836 praes
544 763 645 845 effe
695 768 950 839 fignificat
997 764 1334 844 praesentem
1378 767 1479 847 effe
1516 771 1659 821 vnde
1701 768 1977 847 praesens.

207 840 329 911 Sag.
365 838 565 891 dixerat
595 841 687 892 abi
715 843 770 892 in
807 842 1005 892 m.·lam
1039 860 1146 899 rem
1179 843 1270 893 cui
1300 859 1437 911 puer
1468 842 1781 912 respondet:
1817 854 1879 894 at
1920 854 1979 895 tu

207 911 418 964 domum
442 914 546 970 abi,
584 931 710 962 nam
742 912 817 964 ibi
857 912 1007 963 domi
1037 924 1160 962 tuae
1191 913 1328 965 mala
1353 930 1434 964 rea
1461 914 1564 965 tibi
1585 925 1790 981 parata
1815 933 1981 980 praes

205 981 283 1103 ¹est
317 981 564 1052 praesens
599 982 687 1041 est,
725 994 779 1033 te
807 996 990 1035 manet
1022 1013 1094 1024 -
1134 1000 1207 1034 ns.
1250 983 1368 1051 Sag.
1396 983 1448 1035 se
1484 985 1550 1035 de
1587 987 1794 1051 praede
1826 988 1980 1037 intel·

230 1053 383 1104 exiffe
434 1055 640 1110 limitat.
667 1071 813 1124 ,ergo
853 1057 1101 1107 vadatur
1142 1056 1230 1105 hie
1274 1074 1371 1114 me,
1432 1057 1490 1105 in
1535 1059 1617 1106 ius
1663 1068 1838 1116 vocat,
1888 1056 1982 1107 vbi

207 1123 500 1195 praedibus
526 1142 558 1175 o
601 1141 665 1176 u·
689 1124 775 1177 est.
811 1155 883 1167 -
926 1145 943 1173 ι
963 1145 1003 1177 ι.
1040 1126 1211 1191 alapa
1236 1124 1295 1175 fit
1326 1129 1519 1194 palma,
1554 1128 1816 1193 colaphus
1850 1128 1983 1198 digi-

208 1142 627 1265 tiseomprelfia
658 1207 712 1245 et
752 1197 811 1244 in
856 1213 1104 1265 pugnum
1144 1199 1343 1247 coactis
1391 1225 1458 1234 -—
1517 1215 1597 1254 27·
1634 1200 1829 1250 vmbra
1869 1218 1985 1251 mea

205 1267 356 1319 intus
375 1266 616 1333 vapulat
639 1267 938 1319 verberaret
963 1268 1124 1319 herus
1147 1283 1237 1320 rue
1258 1268 1328 1319 ob
1350 1283 1581 1328 moram.
1608 1269 1641 1320 fi
1667 1269 1892 1321 adess'em
1915 1300 1987 1312 —-

173 1354 294 1406 49.
327 1355 505 1391 eccere
540 1355 591 1391 v.
623 1338 778 1389 Trin.
806 1357 847 1391 ι.
872 1357 913 1391 ι.
942 1356 1051 1400 ιος.

550 1481 636 1533 ΙΝ
697 1480 965 1534 ACTVS
1015 1480 1089 1531 11.
1164 1479 1511 1532 SCENAM
1567 1480 1629 1531 V.

319 1551 642 1612 43.ἀι1ἰοιιαι“
689 1550 1026 1622 aegritudine
1067 1580 1139 1592 —-
1195 1569 1244 1611 4.
1292 1570 1595 1619 aprugnum
1635 1551 1830 1603 callum
1875 1555 1991 1606 vid.

206 1617 378 1685 Poen.
405 1640 450 1684 3.
484 1642 527 1673 2.
556 1642 600 1676 2.
637 1653 708 1665 —-
759 1618 1108 1699 conscreabor
1143 1624 1240 1692 qui
1291 1622 1518 1676 screatus
1554 1626 1906 1693 praenuntius
1940 1628 1992 1677 ci

210 1692 334 1751 esto,
373 1710 462 1745 me
498 1697 681 1764 magni
718 1695 852 1766 quid
900 1694 1178 1762 adportare
1212 1723 1284 1736 —-
1333 1701 1382 1745 8.
1422 1705 1488 1746 vt
1522 1695 1746 1747 valetur
1789 1714 1887 1765 pro
1934 1711 1993 1749 vt

193 1765 386 1824 vales,
426 1760 608 1816 nescio
643 1784 710 1816 an
753 1768 857 1817 alio
890 1766 1013 1816 loco
1052 1768 1348 1834 reperiatur
1385 1767 1495 1816 vllo
1532 1796 1604 1806 —-
1647 1785 1694 1823 ι).
1730 1786 1802 1817 ιο.
1838 1767 1993 1837 Saga·

208 1834 354 1886 ristio
380 1834 684 1906 respondet,
707 1851 766 1889 vt
779 1839 1007 1907 patroni
1032 1836 1260 1887 ridicule
1283 1837 1453 1888 inflati
1484 1835 1775 1888 clientibus
1798 1836 1989 1891 solent.

177 1907 255 1973 xli
293 1908 441 1958 euim
478 1925 606 1962 mox
633 1909 826 1959 dicunt
853 1910 1009 1959 adi-to
1043 1909 1251 1977 adplica
1281 1922 1333 1959 te
1369 1908 1435 1960 ad
1476 1926 1597 1969 me;
1643 1925 1798 1960 mox:
1842 1912 1992 1960 vide-

211 1978 359 2029 bitur
391 1977 724 2038 consultabo‚
765 1980 899 2050 quid
926 1979 1039 2031 {ieri
1075 1993 1165 2031 tua
1199 1981 1257 2030 in
1287 1997 1343 2031 re
1410 1977 1553 2040 offit3
1591 1996 1748 2032 mox:
1767 1973 1993 2053 factum

211 2049 339 2101 volo
391 2051 687 2120 propensus
744 2052 810 2101 ad
871 2049 1095 2102 salutem
1157 2062 1307 2102 tuam
1390 2069 1516 2111 um;
1586 2068 1737 2102 mox:
1804 2056 1990 2104 venito

214 2119 443 2172 domum
489 2139 698 2183 meam;
753 2138 909 2173 mox:
978 2133 1327 2189 praemonete
1374 2124 1563 2174 multis
1614 2139 1703 2172 me
1757 2126 1993 2192 negotiis

213 2190 524 2245 districtum
570 2207 824 2251 moneto,
876 2210 945 2243 ne
995 2195 1257 2244 memoria
1304 2195 1387 2243 tui
1434 2192 1647 2244 excidat
1688 2211 1749 2243 ex
1810 2198 1994 2246 animo

128 2324 134 2330 ¹
214 2280 340 2316 meo
393 2269 493 2306 --'
539 2281 614 2316 tt.
675 2266 901 2317 Toxilus
961 2264 1029 2315 ad
1079 2281 1249 2335 nugas
1304 2263 1423 2314 istas
1483 2266 1620 2315 nihil
1677 2262 1993 2335 respondet:

128 2352 131 2354 ·
213 2335 327 2387 visa
386 2335 549 2396 enims
597 2353 848 2388 crumena
911 2337 1095 2386 nuruis
1153 2338 1516 2405 praegnante.
1575 2352 1737 2406 quam
1792 2337 1910 2409 Sag.
1964 2355 1996 2389 e

215 2408 359 2458 collo
408 2409 652 2477 gerebat,
718 2409 931 2476 quaerit
982 2408 1194 2476 potius:
1251 2409 1386 2476 quid
1437 2407 1539 2457 hoe
1587 2411 1642 2458 in
1702 2409 1847 2460 eollo
1897 2409 1999 2461 tibi

215 2479 428 2532 tremet?
459 2506 530 2520 --
580 2481 798 2530 vomica
836 2478 938 2531 este
989 2479 1249 2530 abscess'us
1298 2479 1567 2548 malignus
1607 2481 1796 2537 latens,
1844 2481 1997 2548 puris

218 2550 435 2623 plenus,
469 2547 739 2619 apostema
762 2579 832 2591 --
871 2568 945 2601 ιι.
969 2551 1118 2601 mala
1143 2569 1304 2603 manu
1327 2550 1382 2600 h.
1399 2551 1432 2599 1.
1472 2548 1646 2600 forsan
1669 2546 1807 2601 nihil
1835 2550 1998 2610 aliud,

219 2639 417 2694 quam:
458 2622 611 2681 male,
647 2623 937 2673 incautius.
1011 2621 1181 2689 Saepe
1203 2637 1331 2672 vero
1356 2621 1492 2671 mala
1520 2637 1713 2671 manus
1747 2623 2003 2674 tribuitur

217 2691 509 2750 veneficia,
557 2711 611 2743 V.
636 2710 681 2749 c.
721 2694 916 2760 Amph.
941 2711 981 2743 z.
1008 2709 1049 2744 t.
1075 2698 1152 2751 58.
1197 2693 1328 2744 huic
1373 2692 1590 2743 homini
1635 2690 1817 2743 nescio
1867 2693 2000 2762 quid

222 2762 295 2815 est
326 2765 457 2814 mali
491 2764 631 2814 mala
670 2764 949 2816 obiectum
996 2782 1157 2813 manu
1195 2763 1231 2813 i.
1253 2781 1302 2816 e.
1343 2775 1650 2815 excantatus
1685 2762 1755 2814 est
1791 2793 1864 2804 --
1920 2769 1997 2815 16.

220 2832 459 2908 eauesfis
491 2852 526 2884 a
562 2853 726 2887 cornu
763 2862 835 2875 ·--
882 2850 934 2889 et
971 2837 1095 2903 quia
1135 2834 1296 2885 boues
1336 2848 1438 2887 etc.
1473 2834 1585 2883 vid.
1620 2848 1734 2885 not.
1768 2833 1841 2884 ad
1886 2853 1931 2885 ι.
1954 2854 1998 2897 3.

230 2923 312 2964 13.
351 2933 422 2949 -
465 2912 541 2959 18.
581 2908 637 2956 in
667 2906 897 2957 habilem
931 2905 997 2956 sc.
1033 2906 1259 2958 caulam.
1294 2906 1386 2957 alii
1416 2906 1605 2975 legunt
1639 2908 1694 2955 in
1724 2905 1901 2957 babile
1930 2905 1998 2957 sc.

225 2975 487 3030 stabulum
531 3006 603 3017 -
653 2980 870 3028 reiicere
918 2978 1242 3045 compellere
1288 2979 1431 3028 intro
1476 2977 1534 3026 in
1586 2977 1771 3028 bubile
1818 3007 1890 3017 -
1939 2997 2004 3027 ne

227 3047 444 3164 longius
493 3060 767 3114 vagentur
803 3060 864 3098 vt
896 3051 1138 3118 recipere
1183 3064 1277 3098 eos
1321 3065 1435 3099 non
1475 3046 1634 3100 facile
1670 3045 1902 3117 possim,
1954 3060 2009 3097 et

225 3115 313 3169 for
335 3135 402 3170 an
450 3118 874 3189 intercipiantur.
974 3120 1235 3170 Gruterus
1274 3135 1371 3188 pro
1413 3130 1687 3186 vagentur
1735 3120 1794 3168 in
1842 3119 2005 3170 altero

229 3189 348 3239 ΜΠ.
398 3187 489 3240 suo
531 3193 728 3258 reperit
762 3194 1054 3257 vagentur
1091 3191 1127 3239 i.
1155 3207 1185 3239 e
1244 3192 1482 3257 vagiant
1520 3206 1682 3261 quarn
1715 3190 2005 3241 lectionem

227 3259 388 3315 valde
438 3261 648 3331 probat,-
696 3274 751 3316 et
792 3264 988 3317 Parcus
1036 3263 1257 3334 recepit,
1297 3274 1359 3315 vt
1398 3260 1486 3315 fit:
1540 3278 1612 3317 ne
1658 3263 1876 3332 mugitu
1911 3259 2006 3314 suo
