2144 3554
217 164 248 205 2
265 147 335 205 16
770 164 857 210 *m
915 165 1408 211 mosntumn

217 297 365 369 quod
395 308 642 356 conetur,
675 292 1125 370 nequiterfciciat
1159 299 1194 351 i.
1218 315 1263 351 e.
1297 310 1358 348 vt
1381 302 1567 351 minus
1591 299 1841 368 prospere
1872 300 1988 352 sub·

171 383 174 385 ’
216 370 389 427 cedat,
427 368 733 438 praesertim
766 364 1030 447 desubiw,
1071 370 1164 420 vbi
1203 368 1379 423 subito
1405 372 1625 423 consilio
1656 388 1790 439 opus
1820 373 1894 429 sit,
1921 401 1991 413 --

218 443 304 501 64.
341 441 375 489 fi
425 441 518 492 hic
566 439 746 491 versus
804 443 1076 508 genuinus
1117 439 1214 498 est,
1275 442 1372 513 qui
1424 448 1485 501 78
1534 443 1729 494 iterum
1774 444 1989 509 legitur,

156 509 161 526 ¹
217 512 427 563 Tranio
467 513 525 563 in
570 511 750 564 media
789 512 1030 562 oratione
1083 508 1170 561 sua
1219 513 1277 560 in
1313 511 1995 580 noepevfflicu.monendum

217 595 391 652 putat,
424 584 571 651 quod
611 600 661 635 V.
686 599 762 643 ς7.
798 581 1010 634 iusserat
1044 611 1116 623 --
1146 586 1206 643 65
1236 581 1349 652 sqq.
1386 599 1578 636 verum
1616 585 1712 634 vbi
1737 583 1994 650 deceptus

221 654 313 711 fis,
365 654 462 703 alia
515 653 824 722 adgrediare
859 654 976 709 via,
1013 666 1073 703 vt
1120 653 1187 705 ad
1227 651 1454 704 salutem
1499 667 1808 711 conuertas,
1859 669 1997 722 quae

218 723 498 777 malefacta
543 723 821 777 minantur
862 725 1089 777 exitium
1115 753 1187 765 ---
1224 729 1308 787 69.
1340 735 1394 775 et
1430 725 1536 780 hoc
1558 744 1646 778 me
1678 723 1999 777 effecturum

220 796 328 846 hoc
363 794 625 867 praesenti
655 798 712 847 in
758 796 952 847 timore
982 794 1195 846 confido
1221 824 1293 836 --
1327 812 1409 854 70.
1442 797 1514 863 τῷ
1537 797 1878 848 turbauimus
1905 798 1998 847 ob-

219 868 445 934 ponitur
479 867 726 935 liqueant
761 866 910 934 quod
949 865 1021 915 est
1060 866 1205 916 idem
1243 865 1389 934 quod
1422 868 1726 939 tranquilla
1740 865 1878 939 fint.
1926 865 1995 919 cf.

226 955 275 998 3.
303 958 346 990 2.
373 941 455 1000 64.
492 967 563 980 ·--·
614 957 695 996 77.
738 940 921 1003 capite
945 938 1202 990 obuoluto
1232 935 1523 1005 >fugiebant
1572 954 1684 990 non
1723 939 1889 990 modo
1938 941 1998 989 in

219 1010 366 1075 turpi
395 1010 570 1078 aliqua
596 1026 652 1060 re
686 1009 1016 1076 deprehensi,
1058 1007 1147 1060 sed
1171 1010 1228 1060 in
1254 1009 1415 1059 rebus
1443 1024 1660 1079 quoque
1690 1008 1998 1078 desperati&

221 1080 278 1129 h.
303 1082 337 1133 l.
389 1078 548 1135 senex
598 1079 908 1153 adspectum
960 1080 1152 1150 spectri
1194 1091 1444 1131 metuens
1478 1109 1550 1118 —
1607 1087 1689 1130 81.
1719 1099 1999 1150 numquam

215 1143 353 1226 fore
373 1165 435 1202 vt
461 1152 518 1203 in
542 1153 806 1203 honorem
837 1153 952 1202 eius
980 1153 1183 1203 mortui
1211 1152 1510 1204 habeantur
1535 1151 1650 1201 ludi
1671 1180 1741 1192 -—
1779 1158 1860 1211 83.
1874 1146 2003 1226 sar·-

224 1223 399 1271 cinam
441 1224 702 1290 inponam
745 1221 930 1276 senem
980 1226 1127 1296 graui
1161 1239 1291 1275 cura
1339 1238 1402 1273 ac
1454 1222 1692 1274 molestia
1732 1221 2004 1278 adfectum

227 1294 471 1348 amoliar.

562 1407 648 1458 IN
710 1405 983 1458 ACTvs
1043 1407 1114 1459 11.
1189 1387 1534 1478 soENAM
1587 1408 1665 1458 11.

341 1517 385 1549 2.
414 1500 584 1576 Quom
617 1504 674 1555 in
701 1500 816 1551 Mff.
844 1500 999 1568 saepe
1033 1513 1313 1568 comparet
1341 1517 1440 1570 pro
1475 1503 1732 1568 quoniam
1764 1529 1835 1540 --
1878 1501 2007 1551 ami-

208 1565 341 1645 sisti
373 1572 624 1630 dimisisti,
668 1571 901 1642 effugere
925 1571 1095 1644 passus
1131 1587 1187 1620 es
1211 1601 1283 1610 -—
1313 1573 1416 1621 vix
1441 1573 1624 1623 viuum
1659 1569 2010 1640 itaJdefatiga·

229 1647 369 1701 tum,
416 1656 477 1692 vt
510 1646 596 1696 vix
630 1645 770 1696 mihi
795 1644 981 1696 videar
1013 1643 1192 1694 adhuc
1225 1643 1387 1694 viuus
1421 1671 1491 1683 —·
1549 1661 1597 1704 4.
1634 1639 1876 1718 inpffiffe
1908 1659 2009 1714 pro

229 1712 521 1782 inposuisse
548 1745 621 1757 --
665 1734 712 1773 7.
754 1717 904 1785 quod
939 1715 1243 1765 crediturus
1280 1714 1383 1766 tibi
1446 1715 1502 1763 ui
1516 1718 1546 1772 ,‘
1572 1733 1726 1764 omne
1758 1717 1867 1765 iam
1898 1732 2004 1764 cre·

231 1786 356 1837 didi
386 1787 524 1838 nihil
559 1803 717 1856 porro
752 1787 968 1837 credam
993 1816 1065 1827 --
1118 1803 1191 1847 ¹4·
1229 1785 1384 1837 obclu
1414 1804 1450 1835 a
1483 1783 1636 1844 foris,
1682 1801 1793 1836 non
1833 1786 2007 1837 solum

228 1859 377 1910 intus
412 1887 483 1900 --
519 1860 789 1913 interdius
825 1860 861 1907 i.
886 1876 935 1927 q.
974 1856 1210 1908 interdiu
1248 1885 1320 1897 -—-
1380 1874 1456 1920 ¹9·
1494 1875 1667 1925 vsque
1705 1855 1908 1924 semper
1937 1886 2007 1897 --—

232 1946 257 1979 2
270 1947 315 1988 3.
349 1931 512 1981 hasce
555 1931 742 1981 ambas
770 1928 940 1986 fores,
980 1928 1104 1981 alii:
1147 1929 1328 1979 ass'ulas
1356 1958 1429 1970 --
1481 1945 1562 1988 33.
1594 1944 1691 1996 pro
1707 1920 1921 1998 faxint
1949 1929 2007 1978 in

229 1999 389 2053 codd.
434 2003 722 2055 nonnullis
775 2000 1038 2069 scriptum
1098 1998 1248 2052 fuisse
1300 1999 1519 2050 videtur
1568 2001 1732 2051 axint
1781 2000 2005 2067 egerint.

228 2073 507 2127 vtmmuis
535 2072 778 2128 ostendit,
817 2071 999 2125 senem
1039 2072 1352 2126 additurum
1387 2069 1566 2120 adhuc
1598 2069 1805 2137 aliquid
1839 2069 2009 2127 fuiffe,

230 2141 408 2202 forsan
439 2136 652 2215 faxint
696 2144 835 2197 male
874 2146 1077 2211 perire,
1129 2143 1218 2197 seu
1256 2143 1420 2195 axint
1458 2141 1523 2190 ad
1554 2142 1758 2192 malum
1808 2143 2009 2193 crucia·

232 2228 367 2267 tum.
439 2218 501 2268 In
539 2218 720 2284 vulgg.
752 2216 894 2268 *olim
935 2228 1044 2269 erat
1078 2214 1416 2281 perduaaeint
1449 2230 1547 2281 pro
1581 2212 1855 2282 perduint,
1892 2229 2010 2280 per·

235 2286 366 2339 dant
401 2316 473 2328 --
528 2291 608 2348 36.
641 2287 771 2339 illos
802 2285 984 2339 servos
1018 2299 1160 2343 tuos.
1198 2301 1324 2335 cum
1360 2285 1630 2339 mercibus
1673 2294 1832 2351 atque
1883 2300 2009 2336 one·

207 2358 385 2425 ‚ribus
419 2387 491 2400 --·-
551 2375 631 2419 37.
670 2366 746 2415 38.
774 2361 986 2423 tangite
1015 2376 1118 2412 vos
1156 2373 1366 2425 quoque
1392 2365 1596 2410 terram
1633 2371 1803 2423 genus
1849 2372 2009 2406 vene-

231 2430 457 2484 rationis
483 2443 537 2480 et
567 2429 952 2497 superstitionis
988 2439 1191 2482 terram
1217 2438 1462 2492 tangere,
1504 2429 1563 2479 in
1590 2429 1750 2479 rebus
1784 2424 1851 2477 ad
1881 2425 2011 2479 deos

232 2499 435 2555 inferos
473 2515 528 2553 et
572 2500 639 2554 ad
692 2513 936 2555 mortuos
978 2498 1375 2573 pertinentibus
1413 2527 1486 2540 --
1540 2516 1623 2558 4²·
1655 2508 1888 2562 aucupet
1922 2516 2011 2550 au·

235 2587 479 2642 cupetur.
521 2573 685 2627 TruC.
711 2589 753 2633 ς.
791 2590 947 2633 ι*.7ι.
985 2601 1057 2614 --
1095 2588 1179 2634 44.
1215 2569 1478 2635 capitalis
1520 2569 1704 2622 caedis
1730 2570 1889 2620 lectio
1924 2586 2011 2624 co·

236 2645 440 2703 dicum.
515 2646 578 2697 In
600 2655 733 2697 vett.
766 2654 947 2696 autem
985 2643 1106 2695 edd.
1145 2640 1216 2691 est
1250 2660 1373 2710 cap.
1411 2641 1585 2699 aedis,
1636 2639 1783 2707 quod
1812 2640 2012 2689 Guliel-

230 2731 357 2766 mus
399 2715 594 2786 probat
647 2725 700 2764 et
747 2716 1025 2784 explicam,
1077 2715 1140 2766 in
1187 2730 1289 2782 qua
1353 2712 1548 2783 capital
1595 2710 1875 2776 admiffum
1922 2710 2013 2766 est.

231 2785 540 2840 Festusaitz
589 2787 741 2837 locus
777 2786 1018 2853 capitalis
1062 2783 1160 2840 est,
1198 2783 1321 2838 vbi,
1363 2783 1398 2835 si
1443 2782 1880 2850 quidsviolatum
1924 2781 2011 2840 est,

231 2860 515 2912 violatoris
537 2860 709 2925 capite
731 2858 992 2925 expiatur.
1034 2854 1198 2910 Valde
1221 2855 1396 2923 placet
1417 2854 1557 2906 mihi
1582 2854 1700 2902 hoc.
1733 2855 1773 2901 fi*
1792 2853 2014 2906 audiiset
2102 2872 2113 2881 ·

232 2927 390 2992 senex
417 2926 628 2991 caedes,
661 2943 914 2995 quaerere
946 2945 1060 2981 non
1098 2925 1281 2995 poffet,
1327 2924 1463 2992 quid
1502 2923 1626 2974 css'et
1663 2922 1908 2977 factum-‘3
1942 2953 2013 2967 ...-

231 3018 316 3064 4ς,
340 2995 527 3081 scelus
571 3001 851 3070 antiquum
883 3011 1044 3053 vetus
1087 3011 1208 3050 ante
1243 2997 1444 3049 multos
1490 2994 2008 3055 annosjadmiss'um.

232 3072 344 3127 vid.
381 3090 435 3125 v.
456 3075 538 3131 63.
576 3099 646 3113 ν’-
691 3088 774 3132 47.
808 3073 941 3139 quid
977 3074 1110 3124 ituc
1138 3067 1212 3146 esc'
1234 3061 1462 3144 sceleste
1487 3064 1710 3123 factum,
1746 3065 1917 3119 scelus
1940 3096 2013 3107 -—-

234 3158 316 3204 57.
360 3144 650 3196 maximum
692 3143 957 3200 maxime,
1010 3141 1282 3197 adiectiuo
1324 3137 1702 3190 aduerbialiter
1736 3137 1904 3204 polito
1942 3166 2011 3180 -..-

231 3218 315 3267 62.
351 3217 541 3266 mirum
566 3215 694 3282 quin
727 3213 839 3265 vid.
869 3212 991 3266 Cist.
1012 3231 1061 3276 4.
1093 3231 1136 3265 2.
1158 3213 1240 3269 67.
1263 3238 1335 3252 -
1369 3209 1590 3260 Plautus
1618 3208 1794 3277 ‚igitur
1825 3224 2010 3258 manea

229 3302 345 3339 non
387 3286 773 3358 vigilantibu3‚
832 3282 925 3341 sed
970 3281 1080 3340 κατ’
1116 3277 1234 3355 ὄναρ
1281 3280 1446 3335 modo
1497 3278 1745 3352 adparere
1787 3278 2012 3353 potuiffe
