2144 3554
248 156 362 215 172
936 161 1006 203 m
1066 160 1312 203 EP1D1C¹

240 302 413 353 valuit
444 299 754 368 Pancratice
789 308 842 346 et
883 296 1153 349 athletice,
1193 307 1246 344 et
1289 294 1811 353 Aristoteles'laudat
1857 294 2017 362 οἶθλη.

239 372 384 436 τικής
418 372 526 425 ἕξιν
554 397 624 405 --·
687 386 765 416 20.
798 367 1054 424 vidulus,
1088 367 1262 424 follis,
1303 366 1396 427 seu
1434 367 1574 416 Rud.
1600 383 1649 424 4.
1684 383 1727 424 3,
1759 383 1854 427 47:
1904 384 2014 426 vas,

241 460 353 512 quo
386 438 673 489 vtebantur
695 437 1098 506 peregrinantes
1125 434 1538 487 ad'adseruanda
1564 453 1641 493 ea,
1667 453 1802 504 quae
1835 437 2015 487 secum

238 521 537 584 portarent.
584 509 735 558 Men.
771 526 811 568 ς.
843 526 889 566 7.
922 523 1004 568 47.
1047 519 1191 562 recte
1233 508 1303 556 est
1349 510 1683 576 obsignatum
1727 510 1782 556 in
1819 509 2013 558 vidulo

238 577 566 656 marsupium
604 595 728 637 cum
763 580 982 629 viatica
1034 577 1174 628 Rud.
1201 596 1249 637 4.
1275 599 1323 638 4.
1351 583 1431 630 86.
1470 576 1611 628 estne
1644 578 1736 628 hic
1770 579 2013 636 vidulus,

238 656 335 705 vbi
371 650 628 725 castellqm
663 660 813 699 tuam
849 644 1007 721 ineffe
1041 650 1257 699 aiebas?
1291 679 1362 687 —-—
1423 667 1501 698 τι.
1538 649 1732 698 melina
1770 648 1839 699 sc.
1868 666 2016 698 man·

241 728 376 781 tica,
429 736 566 789 quae
607 723 665 769 in
707 732 853 788 tergo
883 730 1153 786 portatur,
1193 736 1220 768 e
1258 721 1401 787 pelle
1442 720 1636 776 ouilla,
1675 718 1769 768 seu
1805 735 1833 767 e
1879 720 2018 788 pelle
2095 732 2106 737 ⁷

237 795 397 848 melis
421 821 492 830 —-
529 789 643 860 post
667 800 722 840 te
751 790 877 839 volo
904 802 1109 839 vocem*
1131 789 1416 859 paullisper
1446 789 1745 840 sustinuisse
1777 789 2018 849 videtur,
2082 847 2085 849 ,
2118 794 2132 827 11

236 878 301 917 vt
329 861 636 932 iungendae
666 861 955 911 haevoces
983 877 1108 910 cum
1138 861 1582 911 antecedentibus
1615 861 1777 911 effent
1800 872 1853 910 te
1882 862 2015 911 volo
2094 858 2114 928 ζ

237 938 371 986 deos
408 930 652 1000 perdere,
689 947 828 981 mox>
852 938 979 981 vero
1021 930 1169 981 addit
1199 932 1510 996 percontari
1539 960 1609 969 —-
1666 933 2015 981 22.sreddibi-

236 1019 331 1058 tur
365 1004 638 1067 reddetur.
710 1001 849 1051 Edd.
877 1018 1009 1058 vero
1038 999 1410 1055 vetustiffimae
1441 1004 1645 1052 habent
1680 1001 1928 1050 redditur
1947 1031 2017 1040 —

241 1095 266 1128 2
278 1096 325 1139 3.
349 1078 433 1126 ius
454 1077 594 1125 dieis
619 1085 892 1142 tamquam
918 1071 1450 1142 i'utlex‚†quaefi.turus
1469 1089 1637 1129 reum,
1658 1072 1934 1122 admones.
1951 1100 2018 1111 --

240 1149 325 1199 26.
350 1148 697 1199 Praetoribus
724 1144 820 1194 'sex
843 1144 1019 1205 >fasces
1055 1161 1086 1199 a
1118 1144 1348 1196 totidem
1391 1140 1830 1210 praeferebantur
1867 1143 2019 1194 licto·

235 1220 404 1285 ribus.
478 1219 589 1268 Lex
620 1216 885 1272 Plaetoria
908 1229 1222 1282 ¹praetorem
1263 1216 1552 1273 vrbanum‚
1591 1230 1754 1282 quam
1799 1214 1894 1264 diu
1935 1216 2020 1264 ius

236 1291 382 1341 inter
423 1290 571 1356 ciues
618 1287 844 1352 diceret,
891 1282 1024 1336 duos
1058 1288 1274 1337 lictores
1304 1286 1494 1337 'secum
1519 1287 1735 1335 :habere
1763 1285 2015 1336 iubebat.

235 1355 503 1429 Thesprio
545 1371 726 1408 autem
765 1357 880 1406 h..l.
919 1359 1054 1414 vult,
1097 1357 1648 1426 dignum-Epidicum
1685 1353 1814 1414 else,
1853 1357 1952 1423 qui
1989 1371 2018 1404 a

157 1427 163 1429 ⁷¹
236 1425 454 1482 {luobus
482 1427 712 1485 robustis
738 1429 1103 1495 virgatoribus
1141 1431 1311 1496 probe
1344 1429 1597 1483 caedatur
1627 1456 1718 1468 —--
1747 1433 1826 1491 ²8·
1863 1445 2017 1475 arma

234 1503 312 1554 ad
353 1499 536 1574 ‚hostes
572 1492 992 1570 transfugerunt
1038 1500 1266 1565 explicat
1306 1517 1358 1548 v.
1388 1515 1466 1560 ²9·
1496 1498 1723 1547 abiecta
1760 1498 2017 1567 relictaue

235 1571 418 1646 hostes
454 1571 654 1620 habent
679 1599 749 1607 --
793 1585 813 1627 5
833 1586 872 1616 1.
903 1570 1006 1617 erit
1042 1569 1126 1617 illi
1151 1571 1350 1619 honori
1379 1567 1797 1619 taxat-fauorem
1822 1568 2018 1618 Roma-

234 1660 437 1694 norum
473 1642 727 1710 iniquum
778 1655 911 1707 erga.
935 1642 1264 1697 nonnullos,
1304 1656 1537 1707 quorum
1575 1641 1734 1707 culpa
1780 1655 1862 1688 res
1904 1652 2017 1689 erat

233 1715 375 1764 male
401 1712 558 1782 gesta.
633 1707 826 1759 Caium
865 1712 1062 1778 opinor
1085 1711 1405 1762 Terentium
1421 1711 1714 1771 Varronem
1750 1710 1809 1757 in
1833 1724 2020 1760 mente

233 1786 416 1842 habet,
451 1781 615 1833 cladis
633 1781 924 1833 Cannensis
957 1793 1230 1832 auctorem
1263 1784 1706 1832 temerarium'*
1745 1798 1802 1841 3²
1838 1781 1904 1830 ad
1935 1783 2015 1841 36.

232 1872 382 1906 noua
409 1855 503 1904 fibi
529 1852 911 1922 Stratippocles
959 1868 1104 1906 arma
1149 1853 1357 1902 curabit
1390 1851 1655 1906 cudenda.
1695 1880 1765 1891 --
1805 1853 2019 1902 Dormi-

234 1926 360 1976 taffe
378 1925 724 1976 Camerarius
739 1919 1144 1991 Lambinusque
1168 1923 1416 1979 Plautum
1451 1924 1658 1979 dicunt,
1684 1923 1777 1989 qui
1805 1923 2017 1980 iisdem,

235 2011 377 2067 quae
397 1992 671 2046 Vulcanus
703 1991 999 2050 [fabricatus
1038 1993 1178 2051 ess'et,
1216 1995 1438 2043 Achillis
1474 1994 1654 2050 armis,
1704 1994 2044 2052 Hectorem„

215 2068 486 2119 ,Patroclo
532 2064 742 2121 obcis0‚
786 2066 1028 2133 ,potitum
1074 2064 1173 2113 effe
1216 2063 1467 2115 somniet.
1538 2065 1666 2114 Non
1706 2062 1817 2132 ipse
1860 2075 2022 2131 poeta

234 2140 500 2208 loquitur,
541 2137 777 2202 caculam
808 2135 935 2185 vero
964 2137 1020 2184 in
1051 2151 1125 2194 re,
1161 2154 1256 2204 per
1284 2136 1783 2186 nebulam-tantum
1818 2135 2018 2194 audita,

236 2209 439 2267 eri-affe,
481 2207 540 2257 id
571 2206 793 2274 quidem
829 2205 1205 2273 personaeius
1235 2215 1348 2257 no'n
1380 2210 1554 2276 magis
1601 2206 1890 2275 indignum
1930 2207 2017 2266 est,

237 2273 402 2349 duam
459 2277 608 2346 quod
656 2279 716 2326 in
763 2276 1050 2327 Cistellaria
1089 2277 1505 2327 Alcesimarchus
1564 2277 2023 2329 Iunonem‘zdicit

236 2350 388 2413 Ievis
413 2348 515 2400 effe
541 2347 705 2399 filiam
728 2378 798 2387 --
838 2366 915 2408 33.
945 2349 1099 2399 Theti
1118 2357 1241 2419 pro‘g
1281 2349 1532 2399 Thetide.
1554 2378 1624 2387 -
1648 2349 1776 2399 Non
1791 2352 2018 2418 progna-

236 2435 359 2473 tum
416 2436 444 2469 a
487 2419 723 2474 Thetide
772 2419 1184 2487 Stratippoclem
1234 2420 1333 2469 effe
1380 2419 1692 2477 contendit,
1741 2418 1859 2478 sed,
1894 2418 2021 2496 stne

238 2493 463 2560 perdat,
506 2489 694 2559 perdat
733 2490 861 2540 licet
896 2506 1059 2548 arma,
1097 2491 1194 2540 alia
1225 2491 1318 2539 fibi
1352 2507 1466 2541 non
1492 2493 1673 2540 minus
1695 2493 2023 2560 'procurabit

240 2563 386 2631 ipse,
454 2578 616 2631 quam
660 2561 851 2610 Thetis
900 2560 1012 2610 lilio
1067 2558 1160 2611 suo
1201 2590 1271 2599 —-
1328 2563 1406 2621 36.
1433 2559 1676 2635 singulis
1712 2560 2018 2635 stipendiis·

241 2634 434 2704 quanis
461 2631 824 2701 expeditione,
860 2633 1053 2699 quouis
1090 2632 1316 2681 militiae
1357 2633 1479 2682 suae
1512 2649 1652 2682 anno
1679 2652 1753 2669 -—·
1780 2636 2017 2697 exuuias

240 2701 550 2755 vniuersam
594 2707 917 2752 armaturam
957 2703 1102 2752 suam
1136 2732 1206 2741 --
1248 2721 1330 2764 43.
1365 2706 1545 2754 animi·
1567 2703 1811 2761 libidinis
1848 2702 2018 2762 causa,

240 2789 302 2825 vt
328 2793 386 2825 ea
415 2773 465 2823 se
493 2773 727 2824 oblectet
751 2803 819 2811 --
855 2791 936 2834 47.
973 2785 1261 2841 vtcumqne
1289 2775 1343 2822 in
1379 2775 1497 2824 alto
1529 2784 1726 2824 ventus
1755 2771 1847 2846 est,
1891 2777 2019 2824 exin

241 2847 422 2896 velum
461 2845 701 2894 vertitur
738 2845 793 2893 h.
824 2845 856 2892 l.
895 2846 990 2910 qui
1028 2861 1177 2894 nouo
1223 2861 1406 2894 amore
1443 2855 1664 2914 peregre
1701 2858 1888 2913 captus
1930 2845 2020 2903 est,

241 2917 443 2968 veteris
499 2913 731 2964 absentis
786 2915 989 2965 amicae
1034 2914 1195 2965 facile
1236 2914 1592 2967 oinuiscitur.
1651 2915 1760 2977 vid.
1801 2933 1841 2965 1.
1883 2935 1924 2966 2.
1960 2934 2021 2975 30

216 2998 296 3049 xet
321 3005 406 3047 3²·
483 2986 589 3035 Sed
619 2986 788 3035 Poen.
824 3003 868 3044 3.
906 3003 948 3036 ς.
975 3002 1022 3049 9.
1067 2986 1254 3035 eadem
1286 2989 1448 3035 verba
1486 2985 1808 3055 significant:
1849 2989 2024 3056 qualis

243 3056 314 3108 est
357 3055 604 3114 fortuna,
645 3056 763 3105 talis
797 3055 867 3105 est
902 3058 1189 3107 hominum
1227 3059 1462 3106 animus.
1489 3087 1559 3097 —-
1622 3075 1699 3110 ςο.
1737 3060 1837 3108 ΤΗ.
1875 3058 2026 3134 Quid

242 3130 414 3193 igitur
461 3126 654 3194 rogas?
728 3128 835 3176 Ep.
884 3127 1030 3199 Quot
1080 3129 1240 3177 minis
1294 3144 1413 3176 eam
1473 3129 1679 3179 emerit.
1765 3133 1863 3179 Tu.
1896 3133 2019 3180 Tot.

245 3200 368 3248 Hoc
404 3195 735 3265 respondens
770 3195 1032 3267 Thesprio
1076 3199 1259 3266 digitis
1305 3198 1511 3250 indicat
1559 3215 1846 3249 numerum
1896 3216 2023 3267 qua-

160 3334 165 3338 *
245 3269 640 3337 dragenarium.
714 3268 835 3320 Hoc
871 3269 1030 3338 Epid.
1072 3270 1355 3329 intellexit,
1392 3271 1487 3340 qui
1527 3272 1732 3321 mirans
1767 3271 2025 3322 exclamat
