2144 3554
182 136 303 193 440
791 139 862 183 m
923 137 1346 201 ‘raventun

184 273 527 340 perhibemur
562 271 796 323 dicimur
830 274 1124 342 voluptatis
1166 274 1334 325 modo
1385 273 1672 326 inlecebris
1716 274 1962 335 delinire,

187 356 240 395 at
272 359 341 393 ne
376 360 562 393 curam
591 343 813 411 quidem
841 344 1186 412 doloremque
1218 345 1451 413 aliquem
1479 343 1736 414 fugimus,
1765 364 1964 415 magno

189 415 351 464 alicui
393 416 543 464 lucro
581 416 853 465 inhiantes
886 446 955 454 —-
991 433 1040 478 4.
1066 418 1261 467 dictito
1301 427 1454 467 antea
1490 433 1627 486 quae
1660 416 1965 468 nesciebam

191 487 350 536 modo
388 502 539 537 nunc
578 486 798 554 demum
839 489 1023 552 prima
1067 489 1306 556 primum
1349 489 1516 539 docta
1557 501 1768 556 experta
1815 490 1983 539 domi'

178 572 347 614 *meae
374 586 447 596 --
484 563 532 606 ὁ.
564 557 721 607 dolus
754 577 820 607 ne
854 559 1093 609 ohe-idae
1113 575 1182 608 ne
1220 560 1325 609 fine
1357 558 1538 610 fructu
1578 559 1805 628 adgrella
1837 575 1968 611 eum

189 628 284 678 sim
318 657 389 667 --
427 645 474 684 7.
493 627 697 700 studeo
736 631 891 679 vitae
929 632 1088 698 pueri
1126 629 1412 680 seruandae
1444 659 1515 669 -·-
1551 648 1578 690 7
1607 642 1661 681 et
1687 632 1969 697 9.,adgre-3

193 699 306 750 diri
355 698 571 765 adgredi
619 729 690 738 —-
738 718 786 756 t).
813 695 1101 776 subpostui
1143 699 1396 771 subposui
1438 729 1509 740 -
1554 702 1759 752 alienos
1806 701 1972 751 alieni.

191 783 380 839 partus
423 770 640 821 dolores
675 772 945 839 ἀλλοτρίοις
980 773 1160 828 ὠδίνας
1192 802 1263 811 ——
1302 787 1452 836 9.10.
1488 774 1687 823 nullam
1724 791 1831 823 rem
1865 786 1967 826 ete.

191 841 587 910 Capt.2.1.co.
634 841 744 891 doli
793 860 905 892 non
956 842 1076 894 sunt
1122 842 1251 904 doli,
1299 843 1400 900 nili
1437 842 1545 894 astu
1591 846 1736 895 colas
1773 873 1845 884 -
1889 862 1967 902 ις.

192 913 353 963 nimis
385 930 542 979 quam
577 931 790 978 paucae
821 912 1177 981 pauciffimae.
1236 915 1343 975 ¹Sic
1379 913 1534 966 Most.
1559 934 1601 966 ι.
1626 932 1772 977 2·79·
1812 915 1972 965 nimis

192 1002 357 1051 quam
391 984 743 1034 vehementer
760 979 1020 1056 formido
1058 1015 1129 1025 -
1170 1004 1247 1036 22.
1285 1004 1501 1054 eumque
1537 1004 1667 1051 gero
1698 998 1967 1036 ornatum.

193 1054 485 1106 Camerarii
531 1057 583 1104 ro*
610 1072 740 1120 gero
775 1057 873 1112 est,
914 1074 1084 1126 quum
1123 1056 1244 1108 edd.
1285 1068 1415 1108 vett.
1460 1058 1722 1108 haberent
1753 1075 1977 1125 cumque-

195 1136 409 1185 ornam..
485 1126 740 1179 Gruterus
783 1125 962 1197 posuit
995 1147 1213 1198 eumque
1249 1139 1452 1179 ornata
1491 1139 1737 1179 ornatum
1773 1158 1845 1168 -
1891 1145 1970 1187 ²3·

175 1194 423 1269 stactam
473 1197 584 1248 vid.
634 1197 787 1248 Most.
822 1222 857 1251 ι.
887 1218 931 1258 3.
966 1218 1075 1259 ¹5¹-
1127 1229 1198 1239 —
1245 1219 1492 1251 venerem
1547 1216 1785 1251 venerer.
1883 1199 1974 1249 Sic

193 1268 393 1318 Bacch.
420 1288 460 1317 s.
488 1287 526 1318 ι.
547 1290 591 1326 4.
628 1286 937 1339 veneroque
963 1283 1032 1320 te.
1095 1274 1232 1321 Iuno
1265 1273 1469 1322 Lucina
1496 1274 1827 1339 parientium
1857 1270 1975 1321 dea.
2056 1275 2071 1297 “

195 1340 461 1389 Lucinam
497 1360 658 1390 meam
700 1343 912 1400 mulier,
952 1354 1165 1411 partum
1210 1343 1378 1392 modo
1416 1342 1666 1403 lim-ilaus,
1710 1344 1975 1395 Venerem

196 1407 334 1462 forte
357 1424 508 1481 putat
543 1441 617 1453 --
655 1417 732 1463 26.
745 1408 935 1489 soleas
971 1415 1102 1465 mihi
1131 1414 1263 1464 duce
1298 1413 1473 1465 deme.

369 1550 460 1601 IN
508 1550 780 1602 ACTVS
835 1553 911 1603 11.
993 1551 1336 1603 SCENAM
1390 1551 1486 1603 VI.
1526 1551 1668 1601 mihi
1703 1551 1801 1600 IV.

307 1638 353 1671 τ.
375 1623 545 1672 duelli
564 1625 712 1681 belli,
737 1623 1136 1675 aduerbialiter:
1170 1625 1227 1672 in
1250 1624 1414 1675 hello.
1458 1623 1548 1673 Sic
1569 1623 1722 1691 Capt.
1739 1619 1877 1670 Prol.
1895 1617 1980 1671 68.

146 1697 152 1704 ”
199 1689 328 1740 belli
361 1692 682 1746 duellatores
721 1698 917 1765 optimi
953 1725 1024 1735 -—
1061 1715 1110 1756 4.
1145 1695 1545 1747 Homeronidae
1573 1693 1834 1760 poetillae
1864 1705 1983 1740 ver·

198 1760 470 1815 fificatoris
512 1767 760 1822 alicuius,
804 1768 1104 1818 Homerum
1131 1767 1235 1816 ausi
1268 1767 1439 1816 inuita
1473 1766 1722 1815 Minerua
1759 1762 1980 1814 imitari.
2031 1764 2033 1768 ’

201 1835 349 1884 mille
402 1838 642 1888 militum
696 1842 976 1889 memorari
1028 1836 1208 1911 potest
1259 1839 1411 1888 mille
1453 1838 1655 1889 milites
1697 1833 1984 1887 memorari

197 1904 414 1971 possunt
459 1939 530 1948 -—
583 1927 625 1968 ς.
660 1908 916 1975 ὀμηριδεΐν
945 1910 1217 1974 Hesychio
1252 1908 1322 1958 est
1352 1908 1632 1973 ’ψεύδεσθαι
1669 1937 1740 1947 -
1779 1911 1828 1957 6.
1869 1923 1980 1955 non

202 1976 522 2030 laudandus
561 1979 635 2053 esc*
670 1983 842 2040 mileS,
888 1983 983 2050 qui
1021 1980 1304 2051 persuadet
1341 1978 1710 2036 audientibus,
1750 1979 1983 2028 maiores

202 2046 305 2097 esse
334 2067 415 2099 res
449 2069 473 2101 a
514 2051 563 2102 se
591 2051 771 2122 gestas,
807 2069 984 2122 quarn,
1023 2055 1120 2123 qui
1147 2052 1420 2107 viderunt,
1463 2064 1552 2100 eas
1587 2050 1686 2102 effe
1716 2049 1984 2101 [ciunt—-

200 2137 254 2179 7.
295 2140 398 2171 non
432 2123 617 2186 placet
656 2126 828 2183 miles,
867 2138 1029 2192 quern
1075 2123 1297 2175 laudent
1329 2123 1580 2178 homines
1618 2139 1681 2171 ex
1720 2123 1805 2178 iis.
1846 2133 1986 2190 quae

200 2194 495 2258 praedicor,
545 2197 728 2246 minus
768 2213 896 2247 vero
935 2195 1173 2251 laudent.
1209 2197 1305 2265 qui
1338 2196 1498 2245 rebus
1536 2192 1787 2262 gerendis
1822 2194 1986 2242 inter-

202 2260 429 2315 fuerunt
453 2295 523 2304 -—
551 2276 597 2316 8.
627 2267 756 2318 Hor.
775 2269 832 2319 A.
851 2269 910 2317 P..
943 2285 995 2318 V.
1024 2274 1113 2318 180
1136 2265 1248 2337 sqq.
1278 2264 1494 2335 segnius
1520 2266 1746 2316 inritant
1774 2266 1986 2315 animoa

207 2334 425 2387 demiffa
457 2354 552 2406 per
592 2355 802 2397 aurem,
853 2355 1014 2407 quam
1048 2355 1184 2407 quae
1217 2337 1340 2389 sunt
1379 2337 1553 2398 oculis
1586 2335 1825 2388 subiecta
1860 2334 1987 2385 fide-

205 2405 368 2463 libus,
416 2420 471 2457 et
513 2426 650 2477 quae
701 2409 810 2479 ipse
854 2411 949 2460 fibi
999 2410 1159 2461 tradit
1207 2409 1466 2478 spectator
1515 2437 1587 2447 —
1641 2426 1718 2458 10.
1749 2401 1986 2482 scurrae

203 2476 461 2528 homines
485 2482 689 2540 vrbani‚
717 2482 1110 2548 manipulares,
1137 2483 1537 2532 commilitones
1559 2479 1787 2548 gion-ioli,
1803 2495 1988 2527 rerum

207 2549 276 2598 ab
303 2565 366 2601 eo
398 2549 656 2619 gestarum
676 2552 1014 2605 αὐτόπται-
1047 2571 1122 2603 ιι.
1152 2571 1375 2621 quorum
1400 2552 1592 2618 lingua
1617 2561 1718 2602 etc.
1794 2551 1989 2601 Douza

208 2621 562 2684 δηιικγωγους,
625 2623 851 2674 blandos
904 2626 1097 2694 populi
1147 2635 1380 2674 rectores
1421 2623 1512 2674 feu
1553 2624 1987 2678 concionatores,

207 2703 362 2763 putat
390 2696 539 2761 tangi
573 2725 644 2735 --
675 2693 1035 2769 prassringit
1067 2695 1179 2745 vicl.
1209 2694 1328 2745 Mil.
1354 2714 1398 2745 1.
1430 2713 1484 2745 v.
1503 2711 1551 2756 4.
1578 2723 1650 2734 --
1694 2712 1769 2745 ιι.
1799 2692 1991 2758 arguti

211 2781 448 2832 quorum
485 2766 737 2817 facundia
781 2783 865 2817 res
912 2765 1031 2818 suas
1084 2765 1247 2836 gestas
1289 2768 1347 2816 in
1395 2768 1570 2817 maius
1619 2765 1774 2816 callet
1823 2764 1990 2815 extol-

211 2837 353 2891 lere,
413 2849 467 2886 et
509 2841 622 2888 cati
662 2838 842 2888 callidi
890 2868 962 2877 —
1009 2855 1089 2899 13.
1126 2841 1308 2889 virtus
1359 2839 1626 2905 praeclara
1665 2837 1854 2886 merita
1883 2827 1989 2909 fa-

213 2909 549 2960 canditate-m
585 2905 897 2982 fibi—facile
927 2920 1181 2977 argutam
1217 2911 1424 2960 inuenit
1462 2907 1571 2978 ipsa
1598 2905 1671 2957 est
1703 2907 1784 2957 sui
1811 2905 2000 2955 lauda·

215 2980 335 3036 trix,
393 2996 493 3029 nec
532 2983 692 3032 verba
734 2981 961 3032 deerunt
999 2983 1195 3033 oratori
1236 3010 1306 3020 -
1354 2998 1431 3042 ¹4·
1474 2977 1698 3030 Festus!
1721 2977 1993 3052 praeficae

211 3050 471 3101 dicuntur
496 3054 765 3109 mulien-ea,
803 3053 870 3102 ad
905 3051 1314 3103 lamentandum
1350 3061 1629 3101 mortuum
1669 3048 1993 3107 conductae,

212 3138 351 3191 quae
394 3121 525 3173 dant
562 3125 750 3173 ceteris
785 3119 1014 3175 modum
1053 3124 1364 3193 plangendi,
1404 3122 1545 3191 quali
1583 3118 1642 3170 in
1677 3122 1785 3173 hoc
1813 3118 1993 3187 ipsum

211 3191 530 3263 praefectae.
627 3194 895 3247 Naevius:
959 3197 1096 3246 haec
1147 3195 1368 3264 quidem
1418 3193 1719 3252 mehercle,
1775 3194 1990 3260 opinor,

211 3263 440 3334 praefica
485 3264 582 3323 est,
632 3282 770 3335 quae
816 3268 884 3318 fic
932 3279 1216 3318 mortuum
1261 3264 1549 3318 conlaudat
1593 3293 1666 3304 -·
1719 3281 1803 3314 20.-
1841 3263 1992 3313 hunc

211 3334 428 3387 versum
463 3353 492 3388 e
527 3335 766 3408 vestigiis
803 3337 1122 3392 monstrosae
1167 3337 1463 3409 scripturae
1502 3336 1690 3389 Vatics
1714 3335 1824 3388 hoc
1866 3335 1993 3386 loco
