2144 3554
222 153 340 208 444
829 151 896 196 m
964 108 1384 198 Tvav‘teNn

213 287 328 339 vid.
355 283 492 335 Pers.
512 283 690 349 4.6.9.
725 300 795 325 ⁴—
827 300 876 348 9.
908 302 986 334 10.
1016 287 1132 334 ouis
1164 288 1309 338 mina
1335 284 1433 340 est:
1472 296 1663 339 ventre
1687 288 1890 357 glabro,
1927 302 1989 341 vt

216 357 361 428 apud
398 354 607 407 Festum
651 357 791 405 mina
834 373 1067 407 mamma
1103 372 1239 424 quae
1278 357 1389 407 fine
1423 359 1562 408 lacte
1598 357 1684 408 est.
1722 370 1987 412 vocantur

214 432 319 483 hae
352 444 482 479 oues
505 444 783 494 perper-ae,
821 427 969 494 quod
1006 427 1112 477 fine
1145 429 1262 478 lana
1302 427 1440 487 sunt,
1474 444 1601 481 nam
1626 448 1891 497 perperus
1918 429 1990 481 est

135 515 141 527 ¹
213 497 504 567 ἄχρηστος,
554 499 791 555 inutilia,
831 513 1096 567 nequam,
1135 501 1289 550 leuis.
1393 499 1532 552 Sunt
1565 517 1726 558 vero,
1763 502 1856 570 qui
1891 517 1989 568 pro

215 588 481 640 perperae
516 567 810 638 legendum
843 568 1092 620 censeant
1125 587 1377 637 propere,
1456 571 1632 622 Nemo
1667 587 1777 622 non
1816 572 1986 630 videt,

214 640 477 693 iuuenem
506 638 573 689 de
604 642 803 708 viginti
838 642 1005 689 minis
1042 641 1213 710 loqui,
1247 657 1381 711 quas
1409 656 1504 710 pro
1534 644 1731 694 ouibus
1769 643 2002 710 adcepez

212 727 309 771 rat,
340 727 444 783 quo
478 711 668 762 eodem
698 711 862 761 modo
890 712 1026 762 Afin.
1047 730 1095 771 3.
1117 732 1158 762 z.
1177 727 1258 774 44.
1312 712 1550 765 Libanus
1570 714 1771 783 viginti
1794 716 1989 772 minat,

212 802 310 856 pro
343 784 496 834 afinis
534 782 800 850 adceptaS,
847 795 1011 832 *vocat
1049 784 1234 840 asinoe,
1281 782 1626 852 castigandos,
1676 785 1709 834 fi
1751 784 1890 840 forte
1927 787 1988 834 in

213 871 468 906 crumena
516 852 714 903 rudant
747 882 820 893 -
874 871 951 906 ιι.
987 871 1062 906 12.
1114 858 1277 907 Mars
1321 873 1437 904 meo
1480 858 1760 921 periratus
1810 856 1989 922 patri,

209 946 333 979 nam
373 939 474 977 etc.
524 923 638 975 vid.
679 923 845 977 Poen.
877 943 921 985 3.
953 944 998 984 3.
1027 943 1107 983 3²·
1159 955 1233 966 ——
1286 925 1567 978 Muretus:
1623 927 1774 995 lupas
1825 926 1987 976 Marti

208 998 377 1051 sacras
410 997 690 1065 putabant,
725 996 868 1044 vnde
894 997 1099 1046 Romae
1139 995 1529 1054 conditoribus,
1569 998 1715 1067 quod
1752 1013 1780 1046 a
1814 996 1988 1048 Marte

207 1071 382 1140 geniti
423 1066 602 1123 effent,
651 1067 775 1135 lupa
818 1067 1019 1117 dicitur
1061 1068 1222 1118 vbera
1261 1067 1572 1136 praebuilse.
1671 1069 1822 1137 Lupa
1855 1085 1989 1118 vero

208 1143 375 1191 etiam
406 1139 700 1189 vocabatur
728 1140 994 1197 meretrix,
1033 1155 1061 1187 a
1099 1156 1202 1208 qua
1235 1139 1440 1191 Labrax
1474 1156 1588 1191 non
1618 1138 1780 1209 longe
1819 1139 1990 1191 abelse

208 1212 345 1263 dicit
383 1227 513 1263 oves
552 1226 656 1269 eae,
696 1225 828 1279 quas
869 1212 928 1259 in
967 1226 1215 1261 crumena
1261 1209 1466 1260 ferebat
1498 1214 1568 1254 -4-
1620 1227 1698 1274 14.
1737 1212 1844 1260 hoc
1873 1213 1986 1261 ictu

209 1300 484 1350 exponam
514 1282 614 1332 hac
640 1282 866 1351 pecunia
895 1283 1190 1333 exturbabo
1217 1282 1413 1332 riuales
1439 1299 1611 1334 meos,
1686 1284 1991 1348 Exponere
2070 1312 2073 1337 ÷

210 1358 322 1406 ictu
372 1353 468 1404 est:
524 1354 643 1404 loco
697 1368 950 1409 monere,
995 1354 1062 1402 de
1097 1351 1259 1420 gradu
1301 1352 1550 1404 deiicere.
1621 1350 1749 1409 Cas.
1769 1370 1817 1412 4.
1835 1370 1984 1414 417.

208 1446 385 1495 paene
426 1421 693 1496 expcfiuit
734 1423 931 1476 cubito,
974 1423 1149 1472 forsan
1190 1440 1215 1472 a
1255 1423 1610 1476 luctatoribus
1646 1424 1983 1476 translatum.

202 1498 503 1550 Acidalius.
557 1524 627 1535 --
701 1500 776 1543 18.
821 1506 910 1543 tac
953 1494 1099 1545 idem
1139 1492 1342 1553 forsan,
1385 1494 1534 1562 quod
1586 1493 1752 1544 Stich.
1787 1512 1831 1556 5.
1859 1512 1906 1552 7.
1936 1513 1985 1554 3.

206 1580 394 1627 tatae,
444 1567 637 1616 vocula
688 1565 972 1616 hilaritatis
1017 1595 1087 1606 --
1135 1583 1215 1618 22.
1256 1583 1323 1619 ne
1372 1584 1452 1617 me
1503 1567 1706 1618 morari
1752 1559 1981 1644 censeas.

207 1639 330 1695 Mil.
357 1659 406 1703 4.
435 1657 482 1701 7.
516 1656 576 1690 10
600 1635 675 1708 sq.

505 1782 595 1835 IN
655 1776 928 1833 AC‘PVS
1000 1782 1111 1832 ΙΙΙ.
1198 1779 1542 1838 SCE-NAM
1608 1782 1681 1833 11.
1916 1835 1923 1848 ,

315 1869 394 1903 12.
417 1854 565 1921 vulg.
587 1857 727 1905 Aer.
754 1854 993 1904 hahent?
1039 1855 1263 1906 STRAr.
1285 1851 1587 1927 parefitum
1604 1865 1716 1910 etc„
1751 1845 1865 1921 Qui
1889 1849 1984 1920 pe·

201 1926 372 1977 tuerit
403 1926 619 1996 Vtrique
666 1927 724 1973 in
758 1938 999 1975 mentem
1032 1926 1225 1976 venire
1262 1926 1490 1993 parasiti,
1524 1940 1615 1975 me
1653 1932 1781 1974 non'
1796 1924 1984 1973 videre

200 1994 476 2066 profiteor.
578 1993 851 2046 Verisfima
905 1997 1043 2044 mihi
1102 2007 1155 2045 et
1205 1997 1420 2064 Vtrique
1475 1994 1733 2064 personae
1787 2011 1988 2045 conue-

202 2065 531 2121 nientiffima
570 2067 787 2116 videtur
830 2067 1141 2119 emendatio
1180 2067 1370 2134 Lipfii:
1438 2073 1576 2119 Aer.
1614 2067 1847 2119 haben'?
1895 2066 1984 2117 ad-

204 2139 383 2191 ditur'a
416 2137 592 2190 forsan
618 2138 704 2196 est,
741 2141 886 2209 quod
911 2140 1041 2188 mila·
1075 2140 1264 2199 dones,
1304 2154 1430 2189 nam
1458 2139 1600 2189 hanc
1632 2140 1986 2190 meretricum

201 2213 435 2282 primam
466 2209 619 2261 fuiss‘e
648 2226 852 2274 curam,
887 2226 949 2260 ex
974 2211 1230 2261 omnibus
1250 2209 1518 2260 Plautinis
1544 2209 1779 2278 adparet.
1851 2212 1982 2262 Srn.

203 2299 334 2334 vero
359 2282 664 2350 interpellat
686 2282 797 2352 περὶ
826 2286 965 2332 σίτου
986 2294 1089 2332 ete.
1116 2296 1283 2350 quare
1323 2286 1460 2334 Aer.
1490 2281 1766 2332 intellexti
1788 2291 1890 2331 etc.
1912 2301 1985 2320 -’-

209 2371 289 2416 14.
328 2370 618 2404 commoneo
650 2370 756 2419 me,
828 2351 971 2401 Echi..
996 2350 1437 2403 vettsconu'em‘o.
1511 2353 1617 2402 Alii
1645 2360 1873 2404 commeo
1911 2381 1983 2392 —-·

206 2442 267 2487 14
296 2424 362 2473 ad
402 2430 475 2476 18.
516 2423 798 2492 Conrupta
834 2422 1096 2493 quaedam
1130 2421 1216 2472 his
1243 2426 1309 2483 ,in
1335 2423 1570 2474 versibus
1597 2423 1697 2475 effe
1721 2423 1981 2481 concedo,

202 2507 275 2551 et,
312 2509 447 2565 quae
485 2497 655 2565 reperi
702 2494 846 2562 apud
880 2498 1219 2563 interpretes,
1269 2496 1340 2545 ita
1384 2507 1525 2545 certe
1558 2496 1700 2544 mihi
1731 2495 1984 2550 nondum

202 2566 466 2618 videntur
517 2568 816 2636 explorata,
872 2579 934 2616 vt
975 2579 1186 2616 mutare
1234 2566 1368 2637 quid
1419 2566 1663 2619 audeam.
1753 2566 1983 2617 Sensum

200 2652 386 2690 tamen
422 2649 553 2707 puto
594 2637 693 2688 else
736 2639 915 2689 hunc:
968 2635 1227 2693 docturus
1261 2637 1508 2687 Stratilax
1545 2636 1856 2705 Astaphium
1890 2637 1979 2696 est,

203 2709 353 2759 vnde
382 2711 594 2766 habeat,
632 2708 782 2778 quod
815 2711 866 2758 ei
899 2708 1098 2759 donet}
1135 2710 1320 2758 crebro
1352 2711 1501 2759 enim
1531 2709 1590 2757 in
1620 2709 1807 2770 vrbem
1830 2724 1981 2758 corn-

199 2793 474 2831 meantem
523 2778 762 2833 didieiffe
810 2779 859 2830 se
902 2793 1103 2836 artem,
1152 2781 1272 2829 heri
1311 2779 1377 2829 de
1420 2779 1685 2830 eculandi.
1793 2779 1983 2831 Solent

199 2851 355 2921 saepe
389 2851 592 2901 scurrae
634 2851 823 2901 vrbani
860 2851 1198 2910 cauillatores
1238 2850 1339 2900 effe
1373 2799 1550 2902 green.
1621 2848 1738 2899 Mil.
1761 2866 1805 2910 3.
1834 2867 1976 2912 ¹·47·

199 2924 403 2975 Vocem
433 2925 601 2992 igitur
619 2921 842 2972 rusticus
865 2923 1039 2992 Lipfio
1063 2922 1283 2972 videtur
1303 2918 1513 2971 fluxuse*
1529 2921 1816 2978 caullator,
1842 2937 1982 2989 quae
2032 2951 2041 2956 -

205 3011 234 3045 a
273 2995 402 3045 sono
446 2995 597 3044 vocis
638 2994 935 3044 cauillator
967 3010 1161 3061 parum
1198 2993 1339 3050 abit,
1388 3005 1443 3043 et
1477 2991 1688 3042 adludit
1724 2992 1878 3042 fimul
1913 2992 1983 3041 ad

199 3067 417 3119 caulam
444 3063 587 3116 vnde
613 3065 870 3134 praedam
901 3059 1115 3116 fecerat.
1186 3057 1407 3122 Mulier,
1433 3066 1527 3114 cui
1551 3079 1658 3114 vox
1680 3065 1862 3131 ignota
1892 3062 1986 3123 est,

198 3137 458 3189 rusticum
479 3147 635 3205 putat
654 3151 846 3185 vocem
869 3136 1166 3187 cauillator
1185 3136 1323 3185 male
1342 3133 1705 3204 pronuntialse
1724 3153 1776 3184 v.
1799 3136 1875 3186 16.
1899 3151 1916 3184 1
1929 3151 1979 3194 7.

201 3212 293 3260 cui
317 3207 542 3260 rusticus
580 3223 635 3258 v,
662 3214 739 3258 18.
769 3222 883 3274 non
909 3206 966 3256 id
992 3205 1046 3255 [e
1086 3206 1329 3265 voluiffe,
1363 3216 1418 3254 at
1453 3219 1638 3256 tamen
1662 3221 1855 3256 vocem
1893 3224 1978 3256 ca·

198 3280 396 3330 villula
432 3295 460 3330 a
495 3294 634 3329 voce
669 3278 827 3328 caula
855 3295 1048 3346 parum
1087 3275 1299 3326 differre
1332 3305 1404 3316 --
1442 3293 1520 3341 19.
1547 3277 1807 3345 intelligit
1834 3291 1982 3326 nunc

196 3353 396 3403 mulier
427 3352 732 3409 hominem,
777 3365 968 3419 quare:
1017 3347 1241 3419 sequere
1273 3351 1414 3400 intro
1449 3364 1538 3398 me
1576 3374 1648 3388 --
1702 3366 1764 3397 ιο
1795 3343 1863 3396 ad
1896 3365 1919 3398 2
1929 3365 1978 3411 3.
