2144 3554
219 152 336 214 248
741 155 811 199 m
861 155 1117 199 MlLlTls
1165 155 1480 218 atomos!

220 306 387 359 quern
427 287 652 347 [er-uani,
699 305 872 358 quum
896 288 1041 339 fame
1073 286 1430 342 conficeretur
1468 289 1669 341 rabida.
1741 289 2008 359 Namque,

220 364 480 415 nomina,
502 376 660 430 *quae
692 359 948 410 videntur
976 360 1214 429 propria,
1253 363 1460 411 comice
1497 360 1724 411 conficta
1764 360 1912 416 sunt,
1952 365 2007 412 in

223 434 436 497 campis
473 429 917 504 Gur-gustidouiis
949 448 1114 500 quem
1148 433 1339 482 inueni
1373 434 1428 481 in
1454 431 1647 483 misero
1678 434 1860 502 aliquo
1887 449 2009 499 gur—

218 502 416 573 gustio,
483 502 580 552 vbi
628 506 925 566 imperator
971 504 1087 552 eius
1141 514 1292 562 erat,
1354 522 1479 554 eum
1534 505 1711 554 secum
1763 502 2011 561 ducebat,

225 573 744 631 Bombomaehides‚
788 589 814 621 a
852 573 1116 629 bombus,
1172 573 1371 625 fidicen
1413 577 1609 645 aliquis
1646 575 2009 624 tabernarius:

226 646 286 693 in
325 646 549 713 nomine
597 642 1296 717 Cluninstctridysarchides
1346 648 1454 696 iam
1500 649 1670 715 prima
1713 662 1944 701 vocum,
1983 659 2014 694 e

226 715 425 784 quibua
470 717 825 783 compositum
869 714 968 772 est,
1019 716 1226 774 clunis,
1279 731 1396 792 apta
1451 730 1564 769 erat
1602 717 1667 766 ad
1704 714 1871 765 risum
1900 731 2016 765 mo·

205 786 501 845 *vcndurru
551 797 605 835 et
651 787 741 836 ille
790 784 986 837 fidicen
1022 800 1136 837 erat
1167 789 1417 853 Neptuni
1453 804 1652 858 nepos,
1702 786 2013 855 naufragus,

225 855 353 914 seu,
395 858 491 924 qui
526 857 695 906 homo
736 857 912 906 fuerat
948 860 1200 908 nauticus
1235 888 1306 897 -—-
1358 863 1412 907 16
1442 861 1507 910 ad
1547 866 1620 911 ⁸8.
1649 858 2016 924 adsentatione

228 930 332 978 hac
363 927 595 977 adlicere
622 929 866 978 militem
902 931 1052 997 cupit
1086 928 1152 979 ad
1182 930 1592 998 gloriationem,
1646 946 1780 999 quae
1826 946 1951 979 eum
1987 944 2016 976 a

227 996 281 1048 se
306 997 709 1068 perstringendo
734 999 1004 1050 abstrahat
1021 1029 1093 1040 —-
1122 1008 1204 1053 ιθ..
1228 1000 1403 1051 Codd.
1430 1014 1484 1052 et
1507 1001 1635 1063 redd.
1653 1012 1782 1051 vett.
1809 1001 2014 1049 habent
2082 1020 2085 1023 ·

226 1070 532 1137 peniculum
582 1072 898 1129 tectorium,
958 1073 1116 1123 cuius
1175 1070 1298 1123 setis
1346 1073 1585 1139 porcinis
1622 1073 1679 1123 in
1721 1070 2019 1141 parietibus

230 1140 543 1191 dealbandis
567 1142 692 1192 vsus
717 1140 804 1200 est,
845 1145 939 1215 qui
966 1159 1117 1202 vem,
1162 1143 1310 1211 qnod
1342 1160 1455 1196 non
1484 1143 1643 1194 facile
1668 1160 1694 1192 a
1718 1155 1885 1193 vento
1914 1140 2020 1191 dis·

230 1212 465 1283 [ipantur
506 1212 671 1272 setae,
722 1214 775 1264 h.
806 1215 839 1264 l.
884 1231 1075 1282 parum
1126 1216 1406 1266 conuenit.
1482 1216 1805 1272 Turnebus,
1843 1217 2020 1282 ‘quem

230 1301 420 1345 ornnes
453 1282 567 1333 fere
601 1283 813 1354 sequuti
853 1283 992 1343 lunt,
1033 1285 1350 1338 emendauit>
1381 1288 1694 1353 particulam
1735 1285 2020 1336 tectorium

226 1355 463 1408 lanosam
487 1368 700 1407 comam
725 1357 1072 1415 arundinum,
1104 1359 1306 1427 quibus
1333 1357 1528 1409 domus
1552 1359 1820 1408 villaticae
1846 1353 2023 1406 solent

229 1427 400 1495 integi
446 1456 517 1467 --
574 1446 652 1477 20.
691 1426 805 1496 post
845 1430 1024 1478 dicam
1066 1428 1378 1498 Artotrogus
1421 1422 1637 1492 auersus
1689 1428 1755 1478 ad
1809 1424 2023 1477 versum

228 1515 404 1566 Vsque
435 1515 513 1561 24.
547 1499 793 1568 loquitur
827 1500 891 1549 ad
923 1498 1243 1567 spectatores
1275 1529 1347 1542 --
1389 1519 1468 1561 ²3-
1492 1495 1570 1559 ²4·
1599 1497 1777 1573 mefic
1801 1498 2018 1556 habeta,

229 1586 342 1619 non
380 1571 551 1628 miles,
592 1583 652 1621 vt
685 1570 931 1642 plerique
970 1571 1256 1641 explicant,
1305 1569 1413 1625 sed.
1453 1573 1788 1642 quicumque
1825 1567 2026 1627 viderit

231 1642 534 1699 homiuem,
562 1642 851 1709 gloriarum
876 1643 1048 1692 milite
1074 1636 1396 1714 pleniorem,
1428 1646 1476 1707 ei
1502 1661 1598 1709 ego
1624 1662 1705 1692 me
1733 1642 2021 1706 mancupio

231 1712 376 1762 dabo
403 1714 637 1780 epitym,
678 1714 805 1763 licet
841 1727 1047 1779 praeter
1079 1717 1368 1783 epityrum,
1393 1712 1512 1765 'vile
1545 1714 1655 1765 cibi
1693 1729 1867 1782 genus
1896 1729 2024 1761 cum

230 1781 380 1832 caseo
419 1783 712 1834 edendum.
758 1786 899 1834 nihil
930 1784 1074 1853 apud
1113 1800 1238 1835 eum
1267 1786 1444 1843 edam,
1471 1799 1642 1855 atque
1675 1787 1767 1844 ita,
1804 1782 2024 1834 lautiori

229 1855 355 1905 cibo
379 1855 645 1912 adsuetus,
670 1854 852 1905 insane
875 1856 1021 1925 apud
1048 1860 1178 1909 eum
1198 1854 1515 1923 esuriam-5·
1535 1876 1556 1906 ι
1575 1874 1615 1910 ς.
1643 1858 1724 1906 26.
1743 1856 2024 1906 brachium

230 1925 446 1975 adludit
482 1927 549 1976 ad
583 1926 957 1994 proboscidem
994 1929 1287 1998 elephanti.
1344 1929 1447 1980 Per
1471 1924 1817 1994 elephantum
1848 1926 2026 1980 notari

229 2009 452 2064 putatur
475 1999 650 2050 miles.
726 1999 892 2065 Quod
917 2001 1073 2049 miles
1097 2018 1149 2050 v.
1175 2019 1252 2061 εγ.
1290 1997 1514 2054 fatetur,
1555 1997 1605 2049 se
1639 1998 2026 2066 indiligentem

230 2070 288 2118 in
331 2086 391 2118 ea
426 2086 604 2138 pugna
647 2066 832 2128 fuiffe,
872 2063 1415 2138 paralituaobscure
1447 2065 1665 2127 videtur
1717 2068 2026 2139 significare,

233 2157 387 2197 eum,
438 2157 608 2208 quum
653 2141 819 2189 alium
865 2143 1028 2193 vellet
1081 2138 1332 2199 caedere,
1392 2138 1703 2211 ipsum'fibi
1742 2141 2028 2208 brachium

231 2217 405 2282 paene
434 2210 735 2280 perfregiffe
770 2212 841 2252 -ss-
884 2222 963 2271 31.
1005 2213 1155 2264 Nolo
1183 2203 1347 2286 {staec
1373 2215 1462 2264 hic
1484 2205 1625 2263 uunc
1651 2207 1812 2269 Miles
1839 2213 1905 2261 ab
1935 2212 2027 2260 illa

234 2298 447 2353 pugna,
513 2285 668 2333 cuius
726 2299 852 2331 eum
902 2283 1101 2352 pudet,
1152 2279 1386 2342 'transire
1423 2285 1543 2347 vult
1593 2284 1660 2334 ad
1708 2281 2030 2332 narrandam

238 2356 430 2411 aliam,
466 2353 785 2422 Artotrogus
822 2368 1001 2406 autern
1035 2357 1341 2425 interpellat
1369 2373 1498 2405 eum
1535 2375 1599 2407 ne
1626 2355 1806 2411 hercle
1832 2366 1933 2404 etc.
1956 2381 2028 2399 —-·.-

240 2430 324 2488 33.
355 2441 433 2487 34.
468 2426 725 2493 parasitus
772 2425 857 2475 ad·
879 2420 1235 2496 ‘spectatore-«33
1270 2440 1331 2478 vt
1362 2425 1563 2477 famem
1603 2425 1749 2495 apud
1788 2426 2030 2475 militem

237 2493 517 2565 expleam,
577 2497 801 2549 auribus
861 2498 995 2548 haec
1040 2512 1094 2549 et
1143 2497 1445 2548 istiusmodi
1501 2500 1600 2548 alia
1652 2497 2031 2564 peraudienda

236 2569 446 2619 centies
498 2567 770 2631 audienda
794 2562 962 2643 ficut,
1024 2569 1213 2635 dentes
1264 2589 1330 2620 ne
1377 2571 1634 2623 dent-‘iant
1679 2585 1747 2618 ne
1798 2568 2030 2638 genuini

237 2651 477 2707 crepent.
552 2640 698 2709 Virg.
731 2636 988 2691 catalectss
1027 2660 1073 2707 t,
1115 2659 1167 2707 ν..
1196 2642 1277 2701 36.
1335 2669 1408 2682 ·—-
1472 2658 1553 2700 35.
1606 2639 1919 2692 mentibitu'r
1968 2648 2030 2687 vt

235 2710 376 2760 infra
417 2729 458 2762 ι.
486 2727 532 2761 2.
556 2726 639 2773 99.
676 2710 806 2781 proi
847 2709 1256 2762 mentietur—
1298 2714 1375 2778 3¹6.
1413 2728 1491 2770 37.
1518 2711 1734 2761 Gnatho
1751 2710 2029 2759 Terentia·

235 2799 341 2833 nus
354 2781 495 2831 Eun.
519 2799 562 2830 2.
585 2799 626 2832 2.
653 2775 751 2833 ios
788 2801 836 2852 q.
867 2778 1131 2833 rationem
1160 2779 1306 2850 sequi
1326 2781 1379 2845 [e
1400 2781 1535 2847 dicit
1560 2774 1795 2833 hancce=
1830 2778 2032 2849 “quid—

238 2853 372 2921 quid
406 2852 624 2910 dicunt,
664 2853 750 2903 lau
794 2869 858 2912 03
896 2854 952 2902 id
983 2853 1191 2905 rursum
1224 2856 1262 2918 li
1293 2846 1522 2923 negant,
1564 2852 1725 2903 laudo
1756 2852 1865 2901 hoc
1898 2866 2031 2921 quo·

237 2939 374 2993 que;
439 2936 600 2991 negat
646 2924 808 2995 quis?
868 2941 1039 2995 nego;
1101 2925 1216 2975 ait‘?
1280 2927 1395 2981 aio:
1447 2916 1713 2996 postremo
1760 2922 2032 2992 imperaui

239 3004 459 3063 egomet
496 2995 682 3055 mihi‚·
725 2998 907 3046 omnia
950 2996 1269 3063 adsentari?
1358 2997 1580 3064 Quanto
1634 2993 1850 3061 superat
1900 3010 2032 3044 eum

236 3065 600 3132 Artotrogus?
691 3067 811 3124 hie,
881 3070 1199 3137 priusquam
1255 3084 1349 3117 rex
1411 3067 1682 3134 loquitur,
1754 3066 1861 3114 iarn
1916 3065 2030 3122 scit,

238 3137 514 3191 meminit.
551 3146 603 3184 et
638 3135 868 3189 adsentit
906 3139 1005 3188 ess'e
1036 3134 1255 3190 verum!
1294 3167 1364 3178 --
1410 3144 1487 3190 38.
1525 3137 1760 3194 habesne
1797 3135 2031 3201 tabellas

237 3210 298 3260 in
342 3208 536 3276 quibus
572 3222 760 3260 omnes
792 3227 878 3260 res
917 3227 944 3260 a
984 3226 1073 3259 me
1106 3207 1274 3279 gestae
1311 3207 1595 3259 adnotatae
1644 3206 1782 3258 sint?
1818 3235 1890 3248 ·-
1940 3207 2030 3256 vis

238 3278 474 3345 rogare?
510 3277 788 3333 Boxhorn.
823 3282 1082 3352 explicat:
1131 3281 1217 3333 vis
1245 3281 1480 3333 militem
1515 3276 1890 3333 conscribere?
1927 3275 2032 3339 for·
