2144 3554
248 211 368 267 270
752 206 822 253 m
880 208 1136 253 Mxtrrxs
1198 202 1514 255 atomos-1

557 342 647 394 IN
715 342 984 394 ACTVS
1045 343 1142 393 IV.
1216 342 1562 395 SCENAM
1615 346 1715 399 VI.

347 416 563 467 Priores
618 412 801 463 versus
849 415 1008 464 altera
1062 415 1213 464 alteri
1275 411 1562 466 insusurrat
1614 446 1687 457 ——
1746 435 1791 479 3.
1845 418 2022 472 malas

246 490 459 556 peiores
479 486 615 561 fieri
657 501 756 535 nos
800 483 936 552 ipsas
981 485 1187 534 'malitia
1231 482 1503 554 superare,
1552 504 1751 538 omnes*
1786 491 2023 541 malitiae

244 558 450 611 nostrae
471 560 615 607 vires
637 556 919 606 intendere
952 583 1023 593 -—
1071 574 1134 617 5„
1141 550 1369 627 sequuta
1395 559 1430 608 i.
1450 576 1501 628 q.
1525 558 1768 627 loquuta.
1841 560 2019 611 Meur-

245 632 378 682 ssus:
403 623 535 704 seco
578 619 849 700 etsequor
874 627 1086 695 antiqui
1122 643 1220 695 pro
1249 628 1429 689 dicere
1456 628 1794 697 vsurpabant.
1868 630 2021 681 Idem

240 702 470 754 Palmer.
501 710 554 747 et
569 698 778 749 Gruter.
803 696 1082 748 firmarunt
1106 699 1362 766 exemplis
1382 726 1456 738 -—--
1476 718 1550 750 ιο.
1569 720 1743 767 regem
1770 704 2024 752 nonnulli

242 774 338 824 hic
367 786 555 841 graeco
591 785 744 818 more
777 768 885 819 κατ’
916 768 1107 834 ἐέοχήν
1142 779 1337 837 putant
1370 788 1543 834 regem
1572 767 1858 893 Pagarum
1892 773 2018 823 dici.

242 843 349 894 Sed
375 841 570 892 eodem
597 839 763 890 modo
800 839 1042 908 plerique
1078 850 1222 903 certe
1243 855 1396 908 reges
1425 838 1654 909 subplici
1697 859 1758 892 us
1785 842 2023 893 adeundi

239 914 369 965 sunt
399 941 469 951 -
523 930 601 971 3²·
637 911 855 960 Phaoni
898 926 1062 978 quem
1101 910 1317 979 Sappho
1361 911 1570 979 perdite
1610 913 1800 962 amasse
1833 912 2020 972 fertur,

243 989 318 1037 ita
351 995 437 1040 vt,
475 979 646 1052 spreta
675 982 740 1031 ab
772 997 863 1038 e0,
901 997 964 1030 ex
985 981 1239 1038 Leucate,
1274 983 1601 1033 Acarnaniae
1629 986 2020 1052 promontoriO,

241 1054 596 1123 praecipitem
614 1051 666 1101 se
686 1055 743 1101 in
760 1068 905 1102 mare
928 1052 1075 1101 daret
1094 1082 1163 1089 --
1183 1072 1205 1114 3
1219 1070 1264 1113 3.
1282 1071 1340 1102 eo
1365 1055 1512 1103 intro
1535 1071 1645 1105 non
1669 1054 1802 1105 dicit
1817 1056 2022 1112 abiens,

239 1122 333 1178 sed
382 1128 431 1176 se
486 1126 753 1183 abituram
802 1125 1037 1173 similans
1089 1152 1161 1161 —
1222 1131 1301 1183 36.
1344 1121 1396 1195 fi
1448 1137 1635 1191 parem
1682 1120 2022 1200 sapientiam

241 1200 414 1248 animi
435 1186 869 1266 magnitudinem
894 1196 982 1244 hic
1003 1194 1184 1250 habet,
1212 1210 1272 1244 ac
1295 1193 1553 1246 formam:
1589 1197 1619 1244 fi
1647 1199 1830 1247 animo
1854 1214 2023 1265 aeque

241 1276 473 1338 magnus
513 1266 611 1323 est,
667 1282 730 1315 ac
770 1283 990 1335 corpore
1040 1267 1225 1334 pulcer
1272 1295 1344 1305 --
1392 1272 1474 1328 38.
1512 1278 1747 1317 nmtnum
1778 1268 1859 1341 fit
1908 1285 2022 1318 non

236 1344 423 1394 minus
463 1355 563 1408 ego
606 1353 787 1388 amore
826 1339 941 1387 eius
974 1336 1204 1454 delpereo
1246 1366 1319 1375 —
1364 1352 1448 1398 4¹·
1487 1334 1672 1411 nafizm
1707 1357 1803 1406 pro
1841 1340 2019 1398 nasuS,

239 1427 301 1463 vt
334 1413 498 1463 Cure.
527 1428 565 1458 ι.
589 1427 631 1458 2.
658 1415 732 1458 18.
772 1407 922 1477 sagax
963 1423 1030 1456 na
1058 1425 1152 1457 um
1188 1407 1351 1457 habet
1383 1409 1534 1458 Men.
1564 1429 1600 1460 ι.
1626 1429 1668 1459 2.
1695 1428 1770 1469 57.
1819 1408 2021 1476 spurca-

237 1499 326 1536 tur
362 1479 555 1531 nasum
601 1480 764 1529 odore
810 1478 1095 1528 inlutibili.
1170 1479 1363 1546 Amph.
1390 1496 1429 1530 1.
1457 1497 1496 1529 1.
1521 1486 1634 1529 288.
1676 1509 1747 1517 ——-
1794 1499 1876 1539 4<-
1901 1494 2023 1532 tene

239 1573 338 1613 me,
378 1547 622 1628 obsecro!
682 1550 770 1599 Sic
795 1566 880 1618 ap.
903 1551 1029 1598 Ter.
1057 1549 1253 1598 Heaut.
1278 1568 1319 1598 ι.
1344 1566 1389 1608 3.
1412 1567 1491 1609 ²3·
1566 1550 1864 1618 Antiphila,
1893 1569 2019 1603 con-

237 1627 422 1694 specto
454 1632 711 1677 amatore,
749 1619 1040 1678 Bacchidi:
1085 1622 1255 1669 retine
1280 1639 1372 1679 me,
1406 1615 1619 1696 obsecro
1642 1650 1713 1660 ·-
1748 1626 1830 1683 46.
1864 1623 2020 1698 defit,

235 1697 451 1753 deficio,
470 1695 692 1762 linquor
714 1694 897 1742 animo
917 1709 1018 1757 per
1042 1691 1231 1741 oculos
1255 1705 1475 1759 propter
1497 1693 1571 1750 id,
1600 1693 1747 1760 quod
1774 1692 1906 1744 vidi.
1946 1693 2016 1746 cf.

234 1789 288 1819 v,
312 1772 388 1829 56,
424 1795 496 1804 —
547 1782 627 1819 ςε.
655 1783 820 1831 nepos
836 1758 963 1839 sum
1002 1763 1230 1813 Veneris
1263 1761 1526 1813 formosus
1554 1764 1720 1831 igitur
1749 1765 2019 1816 venustus-

235 1858 343 1910 que
366 1851 419 1888 et
449 1835 756 1887 fortunatus
781 1864 854 1873 ——
890 1839 973 1896 64.
1001 1852 1067 1884 ne
1089 1830 1166 1903 fis
1198 1835 1252 1883 in
1285 1828 1694 1909 exspectatione
1718 1852 1786 1884 ne
1808 1835 1902 1885 diu
1933 1852 2018 1887 ex-

231 1908 555 1981 spectandus
588 1907 677 1967 sia,
715 1920 775 1959 vt
806 1903 930 1957 cist.
951 1920 1161 1970 2.3.49.
1202 1921 1272 1956 ne
1316 1906 1375 1953 in
1413 1904 1722 1976 quaestione
1757 1908 1897 1957 mihi
1928 1909 2014 1959 fit:

231 1980 573 2053 quaerendus
604 1979 678 2028 fit.

529 2119 617 2171 IN
686 2116 942 2169 ACTVS
995 2117 1091 2166 IV.
1175 2114 1519 2167 SCENAM
1571 2119 1709 2170 VII.

337 2193 462 2245 Post
496 2190 711 2243 versum
759 2193 787 2239 6
843 2187 1110 2238 Pleusicles
1145 2189 1290 2256 plura
1340 2188 1580 2238 dicturus
1627 2201 1770 2248 crat,
1825 2189 1891 2240 ad
1933 2207 2011 2250 ea,

231 2284 368 2337 quae
408 2277 626 2334 propter
661 2277 897 2311 amorem
938 2261 1187 2327 nequiter
1227 2256 1415 2316 faciat,
1474 2262 1705 2311 alim-um
1753 2264 2014 2330 exemplis

228 2336 556 2390 excusanda:
594 2331 878 2399 conspecta
919 2344 1098 2381 autern
1131 2330 1482 2381 Palaestrione
1523 2348 1645 2382 cum
1680 2334 1872 2389 milite,
1903 2350 2014 2383 ora-

230 2410 438 2462 tionem
467 2409 612 2458 suam
642 2405 793 2455 videt
819 2403 917 2452 else
944 2401 1328 2452 demutandam
1353 2429 1424 2440 --
1462 2405 1509 2452 6.
1540 2404 1791 2463 Achilles,
1834 2416 2014 2472 erepta

228 2482 326 2531 fibi
366 2482 429 2530 ab
466 2481 871 2548 Agamemnone
907 2473 1291 2542 Hippodamia,
1331 2490 1464 2540 quae
1491 2490 1519 2522 a
1544 2486 1695 2540 patre
1725 2472 1938 2533 Briseis,
1980 2492 2012 2527 a

227 2554 396 2622 patria
426 2546 694 2616 Lyrneffis
734 2546 865 2595 solet
890 2545 1127 2601 vocari,'
1156 2542 1303 2593 deses
1343 2544 1407 2593 ad
1444 2561 1643 2604 naues,
1682 2546 2012 2596 Graecorum

144 2664 145 2669 ,
226 2642 344 2675 non
370 2623 587 2674 curabat
614 2617 799 2686 strages
836 2645 907 2654 --
945 2632 993 2676 9.
1032 2625 1168 2666 nata
1193 2614 1266 2689 cst
1291 2635 1359 2664 ex
1392 2611 1514 2691 ipsa
1537 2634 1693 2667 mora
1728 2616 1838 2684 ipsa
1877 2615 2010 2669 solet

225 2695 448 2752 morari,
491 2706 721 2759 eamque
752 2686 1134 2754 exspectantes,
1173 2702 1334 2755 quarn
1369 2686 1590 2737 molesto
1612 2680 1773 2737 xmora
1809 2689 1883 2746 lit,
1923 2705 2008 2736 ex·

225 2769 467 2835 petimur
497 2792 570 2802 —-
619 2781 691 2811 ιο.
721 2778 796 2809 11.
839 2759 984 2808 nulla
1013 2773 1164 2807 rnora
1190 2755 1461 2808 molestior
1490 2758 1588 2817 est,
1626 2775 1786 2828 quam
1817 2760 2006 2808 mulie-

224 2837 294 2888 ris
335 2847 540 2886 amatae
564 2831 887 2899 exspectatio
915 2829 1225 2877 diuturnior
1252 2855 1327 2893 5-
1366 2831 1444 2878 26.
1483 2830 1720 2884 Oculum
1740 2829 2006 2879 Pleusicles

224 2909 564 2977 obli‘gauerat
591 2906 825 2959 laeuum,
864 2901 1007 2969 quali
1046 2898 1258 2955 eodem,
1297 2916 1404 2966 quo
1428 2899 1805 2951 Philocomalii
1836 2913 2008 2951 mater

222 3000 275 3044 4.
300 3001 344 3039 3·
377 2996 483 3040 ις..
521 2975 806 3028 oculorum
842 2971 1035 3020 morbo
1067 2970 1344 3020 laboraret.
1417 2970 1716 3040 Explicant‚
1755 2973 2005 3040 obligasse

224 3068 351 3101 eum
389 3048 605 3105 oculos,
642 3063 711 3094 ne
742 3041 1148 3097 adnosceretur‚
1182 3040 1269 3089 sed
1297 3041 1452 3090 miles
1484 3059 1586 3092 nec
1608 3060 1732 3092 eum
1759 3044 2003 3101 Athenis,

221 3121 527 3176 absentem,
563 3133 665 3168 nec
704 3114 917 3164 seruum
961 3114 1074 3162 eius
1100 3110 1536 3170 Palaestrionem,
1576 3124 1731 3162 antea
1758 3113 2000 3175 viderat;

220 3192 398 3244 forsan
427 3203 708 3260 aegrotum
735 3203 860 3235 eum
892 3185 1074 3234 seruus
1105 3183 1323 3232 volebat
1348 3183 1522 3232 videri
1542 3220 1554 3240 ,
1594 3201 1663 3233 ne
1699 3187 1790 3234 ille
1818 3186 2002 3235 iunior

218 3266 595 3334 pulcrior-que,
637 3275 797 3328 quam
837 3274 932 3324 pro
980 3255 1261 3311 nauclero,
1304 3255 1470 3304 militi
1514 3252 1786 3322 suspectus
1830 3254 1998 3312 fieret,

217 3335 339 3396 seu,
382 3352 452 3385 ne
501 3334 659 3383 miles
696 3329 867 3380 forma
907 3328 1022 3378 eius
1061 3335 1341 3394 caperetur
1370 3324 1695 3396 4-3·18sqq·
1768 3324 1996 3382 Causam
