2144 3554
1332 5 1344 31 Ι

737 190 945 253 Acrvs
981 172 1057 257 ΓΠ.
1120 188 1380 234 semum
1419 175 1493 236 ll.
1873 196 1990 248 407

214 342 268 383 et
311 313 508 380 deinde
556 314 809 394 priorem.
895 323 1162 375 Videntur
1216 324 1438 408 quidem
1481 324 1666 376 versu·
1712 324 1773 378 '81
1822 341 1876 378 et
1921 334 1985 392 89

207 397 474 471 -aptifflt‘ne
506 398 677 466 iungi.
716 393 863 467 qnod
895 413 1022 446 vero
1053 397 1270 447 iuuenis
1306 395 1577 452 timidior,
1625 399 1773 463 prius
1839 414 1984 457 uam,

210 468 554 543 quid'vellet‚
591 470 820 537 apertius
854 463 1071 526 diceret,
1110 465 1465 518 excusationis
1509 468 1716 535 allquid
1757 413 1984 520 ingerere

208 539 432 592 voluiss‘e
470 536 655 609 potest,
692 554 803 609 quo
844 548 1049 607 patrem
1084 538 1388 590 Lesbonico
1422 538 1669 590 redderet
1703 539 1979 607 ignoscen-

205 613 420 668 tiorem‚
455 623 510 662 et
538 608 685 680 quod
708 611 798 661 le
825 608 1058 677 adparet,
1095 610 1189 678 qui
1214 620 1366 678 pater
1395 609 1462 659 ad
1488 608 1623 659 vers.
1654 616 1735 662 80.
1763 610 1978 677 respon-

206 682 334 736 dere
394 682 609 737 emerit,
635 682 878 733 mentiris
901 680 1117 747 gnate!‚
1153 690 1406 731 neutrum
1427 679 1642 731 versum
1672 695 1737 738 ex
1758 683 1978 751 antiqua

201 752 325 806 fede
351 700 441 803 Eia
467 753 747 804 exturbare
772 751 927 802 ausus
956 750 1074 802 sum
1099 780 1169 790 —-
1196 747 1609 830 82.sapientic1e
1634 752 1818 802 Herm.
1848 769 1974 805 cum

79 838 85 851 ‘
140 864 155 884 s,
201 823 481 876 nonnullis
524 818 920 905 alii'ssapienti.
992 822 1207 887 Lysiteli
1245 821 1427 873 versu·
1457 835 1599 874 recte
1633 822 1849 875 videtur
1887 825 1973 874 tri-

200 896 317 954 bui,
353 892 667 947 excusatum
701 895 965 946 amicum:
1009 904 1179 944 aetate
1219 892 1311 944 fiet
1355 893 1677 963 sapientior!
1743 897 1974 960 Sapiens

201 967 302 1036 qui
335 963 550 1016 fu't'u'ma
587 964 674 1022 est,
714 966 890 1015 aetati
918 964 1066 1015 cibus
1108 964 1199 1039 esi,
1242 964 1387 1015 idem
1427 963 1535 1016 fere
1576 966 1640 1018 ab
1676 977 1846 1016 aetate
1888 983 1972 1016 ex·

198 1033 420 1108 [μεθιεῖ.
455 1036 602 1107 quod
636 1037 747 1086 cibi
779 1036 998 1104 quidam
1028 1035 1255 1093 conditi,
1288 1038 1384 1106 qui
1420 1050 1589 1087 aetate
1627 1037 1849 1088 demum
1876 1039 1974 1087 mi·

200 1104 438 1166 tescunt,
491 1119 546 1158 et
589 1108 657 1158 ad
706 1106 1036 1158 vescendum
1082 1107 1331 1157 vtilioree
1378 1107 1753 1177 suauioresque
1803 1107 1972 1171 fiunt;

199 1178 394 1236 eodem
443 1179 644 1249 quippe
692 1177 857 1229 modo
903 1187 1059 1227 aetas
1104 1179 1500 1228 condimentum
1522 1174 1845 1253 sapientiae
1885 1178 1975 1231 seu

194 1244 435 1332 sapienti
466 1248 558 1323 efi,
598 1260 767 1299 aetate
795 1250 860 1299 ab
896 1250 982 1305 iia,
1022 1263 1158 1318 quae
1186 1244 1447 1299 iuuenilis
1478 1262 1621 1299 aetas
1646 1248 1824 1300 secum
1855 1249 1973 1308 ferr,

195 1325 544 1387 auocatorum
580 1321 866 1389 multoque
903 1319 1000 1369 vsu
1043 1318 1364 1370 edoctorum
1413 1321 1671 1389 sapientia
1718 1323 1973 1373 conditur

171 1391 451 1453 demum,
500 1393 560 1441 in
602 1391 733 1442 dies*
762 1388 953 1453 crescit
986 1390 1387 1462 perfectiorque
1420 1391 1479 1442 fit
1514 1399 1584 1431 -ὲ
1627 1398 1709 1451 83.
1749 1396 1974 1443 mentire

191 1478 358 1514 errae.
383 1463 444 1513 id
459 1454 777 1536 'num-facis
803 1462 954 1511 haud
974 1457 1360 1540 corfieetudine
1387 1463 1454 1512 [ic
1476 1462 1730 1513 fieri-non
1752 1462 1885 1515 solet
1903 1493 1973 1503 —-—

193 1540 280 1597 84.
307 1530 649 1586 Verlssimum
685 1533 907 1602 quidem
946 1531 1046 1589 est,
1096 1530 1218 1582 suos
1255 1534 1455 1602 cuique
1488 1550 1665 1585 morea
1698 1532 1973 1585 fortunam

191 1603 423 1676 fingere3
452 1605 667 1657 -athoc
699 1618 878 1655 tamen
906 1600 1049 1654 filius
1079 1620 1193 1653 non
1227 1603 1524 1664 refellitur,
1567 1607 1661 1673 qui
1693 1617 1863 1656 aetate
1902 1606 1974 1656 sa·

187 1678 442 1748 pientem-
472 1673 592 1744 fleri
628 1675 771 1746 poffe
809 1674 1171 1733 contendebat
1196 1691 1341 1734 eum,
1384 1693 1547 1745 quem
1584 1677 1843 1727 iuuenem
1879 1678 1973 1728 ali-

230 1758 460 1812 uantum
479 1747 662 1801 'animi
694 1745 848 1800 causa
877 1747 933 1796 in
963 1745 1175 1796 deliciis
1209 1746 1490 1815 perdidiss'e
1517 1764 1629 1798 non
1659 1762 1968 1817 negauerat.

207 1871 209 1874 Α
240 1834 309 1871 οε
342 1815 503 1871 facile
537 1819 661 1875 erit,
700 1820 796 1888 qui
833 1834 944 1868 non
982 1818 1161 1891 plures
1195 1817 1409 1874 viderit,
1450 1836 1686 1888 quornm
1723 1820 1854 1870 vitia
1889 1821 1971 1868 in-

188 1886 372 1947 euntis
395 1886 785 1943 adolescentiae
804 1890 1015 1957 magnis
1037 1888 1319 1942 emendata
1342 1890 1439 1943 sint
1456 1890 1764 1941 virtutibus.
1803 1891 1970 1941 Vetus

188 1958 265 2034 ei}
299 1960 686 2031 prouerbium:
737 1963 920 2011 carnis
966 1970 1197 2025 pecc-ata
1244 1962 1646 2019 condonentur,
1688 1959 1747 2035 st
1795 1959 1969 2035 abflnt
2052 1998 2058 2003 -

188 2033 345 2088 modo
370 2042 599 2099 peccata
624 2033 828 2089 cordis,
869 2047 1006 2099 quae
1041 2029 1263 2086 abfuiffe,
1294 2032 1352 2081 in
1381 2033 1685 2086 Lesbonico
1712 2034 1966 2096 Lyliteles

187 2117 246 2161 v.
269 2120 346 2162 57.
383 2100 654 2158 adfirmat:
683 2099 810 2175 fine
842 2103 987 2151 omni·
1021 2101 1236 2153 malitia
1271 2101 1345 2176 est
1390 2133 1461 2145 --
1506 2109 1594 2164 85.
1641 2120 1700 2152 eo
1740 2103 1865 2154 ideo
1901 2124 1967 2154 ne

123 2205 146 2237 g
185 2169 358 2242 multa¹
402 2190 521 2246 non
565 2173 737 2224 multa
770 2203 839 2217 —
878 2173 1062 2227 neuult
1112 2178 1225 2222 non
1268 2175 1387 2224 vult
1422 2203 1494 2218 —-›
1534 2174 1711 2225 malus
1736 2170 1850 2244 fiet
1895 2176 1965 2225 H.

30 2259 31 2297 ξ
184 2243 393 2302 malu‘st
430 2274 501 2292 ,-.-
532 2242 720 2297 Versus
739 2247 920 2296 86.87.
956 2243 1103 2293 Acid.
1145 2254 1198 2292 et
1231 2244 1418 2300 Herm.
1451 2258 1596 2295 recte
1625 2245 1840 2311 Lyfiteli
1881 2249 1970 2296 tri-

29 2322 31 2350 ἷ
67 2317 369 2382 :gs-Cbmmt
412 2326 554 2369 totos
589 2345 660 2355 -
697 2310 1163 2391 adolffcentuln’st
1193 2314 1263 2367 H.
1296 2345 1367 2353 —
1407 2321 1490 2366 88.
1526 2310 1855 2391 adipfscltur
1897 2318 1967 2367 H.

56 2400 68 2421 ³
116 2382 454 2464 ;Is'5?ap{[citur
486 2386 767 2459 deponens
794 2384 1011 2455 paffiue.
1049 2413 1120 2423 —-
1157 2385 1245 2439 Sic
1267 2384 1345 2444 fit,
1382 2397 1459 2444 vt,
1500 2390 1597 2456 qui
1626 2388 1719 2455 ipfi
1743 2390 1973 2439 iuuenes

44 2473 48 2484 ’
174 2458 296 2514 *iam
324 2457 580 2513 sciuerint
604 2458 750 2509 vitae
780 2456 901 2509 suae
919 2458 1117 2511 hahere
1138 2456 1384 2517 modurn,
1417 2458 1745 2509 inmemores
1775 2457 1970 2527 postea,

186 2531 279 2579 eui
301 2526 546 2580 fortunae
566 2544 881 2598 praecocem
909 2527 1059 2577 fuam
1093 2527 1409 2596 sapientiam
1434 2528 1742 2586 debuerint,
1781 2547 1972 2586 omn&

184 2599 402 2669 prorsus
423 2601 651 2654 iuuenes
672 2618 700 2656 a
722 2602 905 2672 pueris
933 2602 1083 2650 illico
1111 2598 1255 2650 nasci
1283 2598 1504 2669 poscant
1534 2599 1832 2658 fenea,.nec
1858 2602 1971 2650 illa-

183 2688 328 2732 rum,
355 2688 489 2742 quas
509 2669 866 2723 adolescentia
888 2669 1007 2726 fert,
1033 2687 1216 2721 rerum
1243 2670 1342 2721 effe
1367 2663 1570 2722 adfines
1588 2702 1659 2713 -
1679 2689 1762 2731 90..
1786 2672 1967 2723 Philto

180 2741 349 2794 uicit:
381 2743 539 2804 nihil,
562 2742 709 2811 quod
738 2742 865 2793 dare
888 2739 1063 2810 possit,
1090 2742 1395 2793 Lesbonico
1420 2741 1507 2798 est,
1539 2754 1747 2811 praeter
1777 2743 1967 2813 egesta-

184 2824 298 2870 tem
325 2811 502 2870 [namt
548 2829 739 2865 eamne
778 2827 839 2864 tu
875 2814 939 2866 ab
974 2830 1038 2864 eo
1069 2811 1392 2882 adoepturus
1425 2830 1480 2863 es
1522 2826 1682 2881 atque
1713 2817 1969 2866 toleratu-

185 2884 320 2935 rus?
339 2902 411 2928 ὴ-
430 2902 513 2949 9ι.
543 2903 622 2943 eo,
661 2900 787 2934 cum
822 2901 882 2936 ea
909 2901 983 2943 re,
1020 2900 1181 2953 quam
1217 2885 1360 2934 mihi
1395 2883 1575 2935 datam
1599 2885 1664 2933 ab
1692 2899 1756 2935 eo
1780 2888 1964 2954 cupi0‚

186 2952 469 3024 egestatem
488 2956 641 3019 simul
661 2955 910 3024 adcipere
926 2972 1040 3007 uon
1053 2952 1258 3004 recuso.
1296 2955 1547 3005 Sororem
1569 2956 1684 3006 eins
1704 2957 1762 3005 in
1782 2968 1967 3006 mente

185 3026 368 3083 habet,
414 3044 635 3080 vxor-em
671 3028 778 3075 line
811 3025 938 3076 dote
976 3054 1047 3068 -—
1088 3023 1243 3097 istam
1278 3028 1543 3076 rationem
1588 3026 1645 3075 id
1686 3030 1783 3095 qui
1831 3029 1968 3076 velis

186 3096 423 3165 intelligi
448 3127 522 3142 -.--
555 3113 639 3161 94.
671 3099 936 3147 vxor-em?
978 3097 1046 3145 H.
1079 3094 1419 3147 vxoremne?
1447 3126 1519 3136 —-
1562 3113 1646 3159 9⁷·
1682 3109 1748 3147 vt
1774 3101 1969 3161 patiar·

186 3179 240 3217 te
283 3167 518 3219 ducere?
564 3197 634 3206 —
688 3170 756 3218 H.
798 3168 1139 3235 patinndum'
1167 3178 1189 3215 c
1226 3195 1297 3207 —-
1352 3174 1436 3229 98.
1482 3168 1722 3232 lepidam
1761 3162 1970 3237 famam

187 3239 307 3289 Aul.
332 3255 377 3299 3.
404 3256 446 3299 ς.
473 3257 514 3297 3.
549 3236 814 3306 sapient-er
849 3237 1053 3288 factum
1093 3235 1197 3287 ese·
1229 3250 1283 3287 et
1316 3238 1539 3302 confilio
1574 3240 1723 3288 bono
1749 3230 1862 3287 etc.
1902 3269 1973 3277 —-

187 3324 271 3376 99.
303 3309 504 3362 dixerat
534 3311 771 3369 iuuenis,
804 3312 863 3359 in
895 3308 1142 3379 eligenda
1165 3324 1330 3360 vxore
1352 3310 1457 3359 hac
1481 3307 1771 3378 sequutum
1796 3309 1848 3361 se
1873 3309 1972 3361 effe
