2144 3554
746 117 785 158 4

245 205 322 263 ¹8
815 204 891 252 m
945 207 1470 254 Amffl‘rnvmns‘

242 343 362 400 effe,
398 356 514 395 non
536 340 745 392 latuiss'e
781 339 850 396 se,
886 341 1071 391 Iovem
1110 344 1307 401 iocari;
1351 345 1446 410 qui
1482 359 1614 394 vero
1642 360 1814 412 quum
1846 346 2032 395 minus
2103 326 2136 353 ’-

243 417 374 467 scite
408 411 783 484 respondiffe't,
827 413 1035 480 Iupiter
1072 430 1125 462 v,
1145 432 1216 464 10.
1256 414 1544 463 mendacio
1580 411 1675 466 suo
1717 431 1827 464 non
1869 433 2030 484 porro

243 488 549 536 inmoratur
567 516 645 528 .-
687 502 704 532 ι
722 501 764 532 ι.
790 501 898 532 rem
930 483 1171 534 diuinam
1197 501 1293 552 pro
1332 502 1440 552 quo
1467 486 1610 553 quasi
1635 475 2032 561 dixilsetsac'ra

243 558 422 628 pergit
442 566 580 608 vota
604 548 902 628 quaesunt
927 588 1003 596 ---
1042 573 1115 613 ¹4·
1139 557 1363 606 Iamhic
1390 574 1480 605 ero
1497 566 1598 606 etc.
1636 555 2033 624 exspectatione
2112 580 2122 585 ·

241 641 336 683 tua
367 629 597 678 celerius
627 620 920 692 imperium
954 627 1062 675 hoc
1087 637 1242 676 tuum
1279 625 1533 695 exsequar
1564 662 1641 670 --
1670 628 1784 696 post
1819 627 2037 679 versum

242 716 297 761 17
321 701 509 768 paucis
548 699 608 746 in
631 695 763 746 edd.
792 698 1058 762 reperitur
1097 696 1309 747 versus:
1364 698 1578 766 quando
1613 698 1815 773 isthaec
1854 701 2034 749 omnia

244 769 529 843 est-iurasti,
567 780 622 819 te
649 769 780 817 mihi
806 768 940 816 dixe
960 764 1187 833 (dixiffe)
1218 788 1318 834 per
1341 771 1511 818 iocum
1537 767 1700 837 quern
1733 771 2034 821 Lambinus

241 855 465 912 putatur
518 836 892 906 interposuisse
930 871 1006 878 -
1054 855 1126 898 19.
1170 840 1235 889 ab
1284 841 1393 888 hoc
1436 838 1590 889 versu
1632 839 1838 911 Iupiter
1891 842 2032 892 solus

243 911 316 962 est
341 944 387 951 —
416 906 780 986 frustraszmt
807 909 1024 977 decepti
1052 909 1176 959 sunt
1195 917 1240 946 ‘—
1276 928 1343 960 21.
1362 909 1546 960 dimine
1558 911 1710 983 Sofia
1731 913 2032 962 Mercuri—-

248 1000 329 1045 ²4·
342 979 473 1057 jac,
497 991 828 1032 commentus
871 998 918 1028 cs
942 980 1107 1030 astute
1136 981 1362 1049 quidem
1385 982 1656 1032 rationem
1684 984 2033 1051 Amphitruo·

243 1057 330 1105 nis
354 1053 611 1122 abigendi
645 1051 1055 1119 comminiscare
1075 1086 1152 1094 --
1190 1070 1270 1107 ις.
1309 1055 1436 1101 dum
1461 1072 1578 1102 cum
1606 1056 1711 1105 hac
1735 1055 2035 1104 Alcumena

242 1126 584 1197 voluptatem
626 1123 781 1194 capio
815 1160 892 1168 -
951 1130 1030 1174 28.
1058 1140 1215 1191 quum
1254 1125 1387 1173 mihi
1423 1112 1562 1183 Iovi,
1604 1127 1700 1194 qui
1738 1123 1850 1193 ipse
1893 1124 2031 1176 sum.

575 1233 664 1284 IN
716 1233 986 1285 ACTVS
1035 1235 1140 1283 111.
1217 1232 1562 1284 SCENAM
1613 1236 1706 1285 IV.

352 1320 398 1354 1.
439 1304 722 1356 Lictorum
758 1319 886 1361 erat,
937 1305 1257 1355 submouere
1295 1307 1538 1363 turbam,
1586 1320 1647 1356 vt
1691 1308 1781 1356 via
1822 1305 2037 1356 daretur

240 1374 498 1436 Consuli;
538 1376 722 1427 seruos
749 1391 930 1428 autem
960 1379 1220 1441 comicos,
1259 1378 1356 1444 qui
1386 1377 1485 1426 fivia
1523 1377 1618 1426 fibi
1658 1377 1912 1427 iuberent
1945 1376 2035 1426 de-

240 1447 382 1504 cedi,
416 1447 643 1499 Plautus
677 1449 1079 1515 Terentiusque
1110 1446 1260 1513 saepe
1295 1447 1479 1498 rident
1515 1480 1594 1489 --
1637 1443 1842 1521 2.fuat
1876 1448 1934 1498 fit
1958 1482 2037 1492 ---

244 1526 292 1581 3.
320 1519 500 1570 ,hercle
541 1522 740 1570 iterum
767 1532 872 1588 -per
910 1519 1199 1568 Herculem
1240 1521 1405 1575 iurat,
1447 1519 1699 1569 nondum
1731 1533 1923 1569 natum
1957 1550 2034 1558 -—-

245 1606 327 1640 ιο.
356 1593 571 1641 amanti
600 1592 739 1659 patri
763 1626 840 1635 --
888 1608 963 1648 13.
999 1591 1160 1640 modo
1201 1590 1341 1639 bono
1381 1593 1593 1640 ratione
1641 1590 1931 1641 commoda
1956 1623 2035 1631 --

244 1662 325 1711 16.
344 1664 560 1728 capiam
590 1681 701 1713 cor.
727 1664 860 1711 mihi
891 1664 947 1711 in
973 1671 1142 1726 caput
1176 1661 1404 1711 liberius
1432 1660 1482 1710 se
1514 1662 1748 1712 inuitare
1766 1660 2033 1720 solebant,

236 1726 466 1788 'floribus
491 1732 754 1792 redimiti,
794 1745 923 1783 tum·
948 1734 1081 1800 grati
1114 1732 1297 1782 odoris
1337 1733 1507 1790 causa,
1548 1746 1685 1790 tum,
1723 1732 1872 1802 quod
1902 1732 2035 1782 odo-

238 1806 500 1855 ramentis
553 1804 867 1854 ebrietatem
917 1806 1176 1870 putabant
1215 1804 1452 1872 inpediri
1491 1837 1568 1846 ---
1628 1821 1703 1864 17-
1747 1804 2032 1870 cispellam

236 1873 597 1943 repellamss—
668 1881 744 1925 18.
786 1877 1001 1926 Nonius
1045 1876 1221 1925 Piauti
1266 1888 1330 1943 ex
1370 1875 1771 1943 Amphitruone
1817 1873 2035 1924 versum

238 1948 396 1996 citat:
452 1965 517 1996 ne
557 1958 620 1997 tu
656 1945 902 2021 poslules
941 1946 1221 1996 matellam
1263 1944 1429 1996 vitam
1470 1946 1679 2010 (modo)
1718 1947 1821 1997 tibi
1860 1964 2035 2014 aquae

238 2010 465 2090 infundi
487 2020 543 2069 in
569 2029 758 2085 caput,
797 2035 979 2086 quem,
1017 2035 1189 2085 quum
1216 2019 1273 2067 in
1311 2018 1414 2067 hac
1445 2017 1749 2075 comoedia,
1790 2019 1848 2065 in
1871 2016 2029 2069 codd.

152 2104 156 2111 '
236 2102 382 2139 certe
422 2088 601 2139 adhuc
645 2091 911 2144 «inclutis,
949 2106 1062 2137 non
1101 2090 1423 2157 reperiatun
1460 2090 1569 2138 hoc
1616 2091 1737 2139 loco
1782 2087 2030 2146 inserere,

235 2176 353 2209 non
380 2161 752 2229 incongruum
780 2161 1002 2229 quidam
1028 2173 1288 2228 putauere
1314 2191 1392 2199 --—
1425 2160 1907 2228 filadldlquidcm
1932 2161 2030 2209 ho·

234 2232 419 2281 mines·
442 2245 496 2281 et
518 2230 841 2296 intrinsecus
873 2232 972 2282 effe
1005 2230 1215 2297 poss'unt
1240 2234 1391 2289 vino,
1435 2232 1493 2280 et'
1517 2229 1862 2289 extrinsecuS,
1897 2248 2030 2301 quo-

233 2303 371 2352 libet
407 2305 632 2353 humore
679 2297 841 2424 ρσνὲβι
867 2322 900 2353 ι.
975 2303 1181 2352 Minati
1226 2305 1393 2372 igitur
1432 2302 1767 2353 Mercurium
1814 2314 2027 2371 putant.

233 2372 289 2424 se
332 2391 396 2435 ex
443 2375 659 2424 matella
699 2367 798 2424 in't

233 2445 365 2494 licet
393 2443 622 2501 sobrius,
655 2445 909 2495 madidus
954 2456 1136 2494 tamen
1170 2445 1440 2495 reddatur.
1515 2446 1576 2493 In
1618 2457 1808 2515 quarto
1842 2451 2033 2495 autem

234 2529 360 2565 actu
397 2517 506 2567 hoc
544 2533 648 2565 nec
684 2514 880 2586 legitur
915 2515 1014 2567 effe
1060 2514 1293 2576 factum,
1335 2533 1438 2566 nec
1462 2516 1690 2584 Amph.‚
1737 2517 1938 2569 matula
1973 2514 2028 2567 se

234 2585 516 2657 perfusum
558 2586 686 2644 effe,
746 2587 919 2639 Sosiae
965 2588 1262 2657 exprobrat.
1356 2586 1513 2654 Apud
1566 2588 1819 2638 Plautum
1869 2588 2024 2640 Men.

240 2677 284 2709 1.
321 2677 365 2717 3.
395 2674 475 2723 ²9·
500 2670 560 2708 >et
575 2656 717 2708 Pers.
751 2677 792 2710 ι.
824 2678 870 2719 3.
907 2676 981 2720 ¹4.
1021 2660 1280 2708 madidus
1305 2656 1701 2717 dicitur-cibus,
1735 2658 2025 2728 coquendo
2062 2677 2066 2687 “

233 2730 631 2780 macerandoue
659 2731 936 2780 marcidus
970 2741 1024 2779 et
1058 2731 1240 2780 mollis
1271 2727 1464 2779 factus.
1487 2727 1676 2797 quid?
1721 2732 1752 2779 fi
1783 2726 2025 2790 Plautum,

232 2803 293 2854 in
319 2801 585 2869 captando
618 2802 912 2851 verborum
948 2801 1069 2852 lusu
1108 2801 1315 2868 semper
1346 2803 1572 2860 nimius,
1610 2801 1788 2851 dicere
1814 2803 2025 2852 voluitz

232 2869 429 2925 faciam
473 2886 535 2923 vt
569 2871 862 2929 mollescat,
901 2872 969 2924 sc.
1006 2884 1068 2922 vt
1105 2875 1461 2923 absterreatur
1488 2883 1529 2937 {a
1570 2884 1769 2929 conatu
1805 2872 2024 2923 aedium

232 2940 450 3005 suarum
480 2945 539 2993 vi
573 2944 1055 3013 expugnandarum
1091 2972 1168 2981 -—-
1209 2962 1286 3003 ²4·
1323 2946 1416 3012 qui
1448 2945 1640 3010 potius
1680 2946 1833 2994 decet
1868 2960 2023 2995 orna-

234 3026 372 3072 tum,
412 3015 508 3082 qui
538 3012 697 3070 serui,
739 3032 903 3084 quam
929 3033 1079 3066 nunc
1107 3013 1366 3075 sustineo,
1400 3013 1660 3083 personae
1687 3018 2024 3076 conuenien-
2071 3029 2077 3044 ¹

234 3086 345 3137 tior
384 3086 444 3136 Iit
477 3101 601 3136 meo
626 3085 894 3138 Mercurii
928 3099 1138 3138 ornatu.

578 3187 669 3236 IN
723 3186 993 3238 ACTVS
1044 3189 1138 3239 IV.
1214 3188 1561 3239 SCENAM
1612 3190 1655 3240 I.

345 3273 387 3309 1.
422 3251 807 3310 Adcusati'uum
834 3261 1169 3312 Naucratem
1194 3261 1535 3310 Graecorum·
1550 3275 1701 3314 more
1723 3277 1820 3329 pro
1847 3256 2024 3311 nomi-

212 3327 421 3382 Anatiuo
445 3327 637 3383 dicunt
659 3330 923 3403 pofitum3
952 3328 1046 3382 sed
1071 3333 1253 3384 vbiuis
1276 3330 1453 3384 forsan
1475 3333 1725 3402 gentium
1747 3333 2020 3391 homiues„

803 2395 821 2423 1
848 2390 1012 2424 urum
1056 2375 1113 2422 in
1156 2385 1320 2442 caput
1346 2375 1762 2441 Amphitruonis
1797 2373 1914 2432 effe,
1949 2387 2027 2431 vt.
2104 2393 2106 2396 ’
