2144 3554
164 127 296 188 ¹52
869 125 939 170 m
1002 120 1291 172 cAsmAt-

175 264 450 330 aliquanto
491 258 752 328 superior,
789 256 921 312 fecit
957 259 1185 311 latinam
1211 284 1283 298 ·--
1318 258 1557 310 Sutrium
1588 258 1836 311 Etruriae
1866 276 1959 331 op.

177 333 400 402 pidum,
461 332 672 381 colonia
721 345 969 385 romana.⁴
1050 327 1227 381 Festus
1270 344 1471 383 narrat:
1526 330 1817 380 Camillum
1857 332 1961 398 gal-

180 407 288 455 lico
323 403 566 455 tumultu
599 399 831 458 edixiffe‚
868 402 1107 469 legiones
1141 400 1308 451 Sutrii
1343 413 1403 451 vt>
1434 400 1634 473 praesto
1670 401 1834 454 effent
1866 399 1963 452 suo

183 477 416 545 quisque
458 489 584 526 curn
632 473 774 525 cibo.
861 472 1039 534 Quare
1078 472 1239 522 verba
1284 470 1435 546 quasi
1471 483 1597 525 eant
1631 475 1867 523 Sutrium
1905 473 1964 521 in

184 545 544 616 prouerbium
594 543 804 600 abiiffe‚
864 541 929 592 de
982 544 1048 594 iis
1091 541 1328 612 vsurpari
1377 558 1594 613 coepta,
1655 547 1776 612 qui,
1833 543 1968 593 dum

187 618 308 670 aliis
351 612 527 667 officia
561 613 852 688 praestent,
903 629 1029 661 cum
1071 613 1193 666 cibfo
1237 617 1486 666 venerint
1522 614 1615 665 sue
1644 643 1716 656 -—-
1762 631 1837 665 11.
1866 633 1967 663 me-

188 691 392 740 minero
433 687 555 737 cibo
590 704 716 738 cum
757 682 849 735 suo
894 685 1089 752 quiqui
1123 701 1374 738 meorum
1412 688 1734 737 venient—
1757 686 1970 734 nullum

175 755 379 840 scitum
418 757 663 825 intellige
698 748 1052 830 plebzsclltum.
1093 754 1284 807 Pseud.
1316 776 1356 806 ε.
1382 773 1431 818 4.
1459 763 1537 809 ςΒ.
1593 753 1857 810 Pseudolo
1889 771 1972 805 τοι

192 829 369 899 ganti:
423 829 615 896 ecquid
662 829 709 878 is
754 827 905 876 homo
952 826 1165 890 (Simia)
1195 821 1375 904 scitus
1413 825 1526 901 est?
1582 827 1850 888 Charinus
1893 842 1972 875 re-

191 899 450 969 spondet:
503 892 839 974 plebtscitum
882 914 991 947 non
1036 894 1109 971 est
1137 891 1339 971 scitius
1369 927 1448 939 -.-
1487 891 1700 969 13.sac
1739 898 1974 947 habeant

194 973 432 1038 linguam
469 979 598 1022 tuae
631 969 796 1021 aedes
839 968 1070 1034 explicat
1111 969 1318 1017 Stalino
1359 966 1498 1040 ipse:
1554 987 1711 1036 quum
1744 970 1973 1026 veniam,

193 1050 390 1094 vocent
426 1038 570 1092 fores
605 1051 730 1090 tuae
766 1055 876 1091 non
917 1038 1205 1107 pultandae
1244 1040 1384 1089 mihi
1426 1041 1553 1097 fint,
1595 1039 1714 1096 sed,
1763 1040 1860 1088 vbi
1889 1037 1978 1089 ad-

198 1112 415 1164 cedam,
481 1112 620 1163 vltro
665 1110 806 1160 mihi
848 1111 1162 1178 aperiantur
1198 1139 1286 1167 --.--·¹
1323 1129 1396 1171 ¹4·
1439 1113 1754 1165 caedundus
1788 1123 1888 1159 etc,
1947 1124 1978 1159 a

199 1182 480 1234 nonnullis
518 1185 578 1234 i'n
616 1179 943 1234 obscoenum
979 1179 1190 1233 sensum
1223 1182 1587 1249 detorquetur,
1626 1180 1769 1254 quod
1796 1182 1985 1251 potius·

201 1254 380 1313 iocose
419 1252 629 1304 dictum
674 1264 807 1321 puto
851 1282 922 1294 -ψ-
968 1254 1166 1302 nimias
1209 1253 1438 1304 delicias
1456 1247 1620 1325 sacis
1670 1255 1705 1304 i.
1730 1269 1780 1320 q.
1825 1250 1977 1304 Most.

199 1345 252 1391 4.
285 1345 329 1385 5.
359 1342 440 1385 3²·
499 1325 733 1376 nimium
782 1323 1042 1373 delicatus
1093 1339 1166 1377 es,
1267 1324 1525 1378 Delicias
1553 1319 1758 1396 facere
1811 1323 1980 1374 Poen.

208 1415 255 1450 ι.
284 1414 329 1449 2.
356 1402 438 1453 83.
480 1394 578 1449 est:
622 1395 907 1462 indulgere
942 1395 1054 1452 fibi,
1096 1406 1150 1443 et
1191 1392 1339 1444 Men.
1373 1415 1415 1447 z.
1445 1414 1490 1455 3,
1522 1413 1602 1455 30‘·
1653 1393 1884 1445 inridere
1911 1422 1984 1435 --·

210 1485 291 1525 ις.
331 1462 561 1540 nfi'sim
612 1467 802 1520 doctus
846 1466 1013 1517 dicax
1058 1466 1214 1515 nimis
1259 1464 1430 1517 Codd.
1480 1479 1533 1519 et
1572 1465 1693 1519 edd.
1748 1467 1985 1518 multum

205 1538 464 1592 variants
530 1536 695 1602 Quod
739 1536 1025 1586 Alcefimus
1079 1535 1286 1587 dixerat
1334 1538 1494 1587 nimis
1543 1538 1774 1590 delicias
1801 1530 1984 1609 facis,

209 1609 464 1661 Gulielm.
504 1607 840 1657 Staliuonem
877 1619 1031 1673 putat
1071 1605 1316 1658 excusare
1357 1605 1437 1659 se:
1489 1625 1598 1660 non
1631 1610 1834 1661 mirum
1867 1606 1986 1664 effe,

125 1711 127 1713 ·
210 1692 481 1732 amantem
508 1679 672 1730 nimis
699 1676 798 1729 ess'e
827 1677 1086 1728 dicacem.
1151 1678 1207 1728 Si
1230 1693 1365 1729 ‘cum
1394 1679 1510 1731 aliis
1539 1691 1637 1748 pro·
1663 1680 1821 1731 nimis
1839 1678 1988 1746 'legas

211 1753 416 1807 mimus,
447 1747 625 1798 sensus
665 1748 774 1800 fere
810 1747 907 1803 est:
933 1750 1080 1817 quid
1114 1743 1287 1821 refert
1303 1752 1504 1817 probat
1531 1752 1648 1807 tibi,
1683 1770 1764 1800 me
1784 1767 1987 1806 amare,

212 1819 310 1892 rufi
344 1822 511 1873 dicax
528 1817 638 1893 fim
678 1819 745 1869 de
784 1837 966 1871 amore
1002 1837 1155 1878 mec,
1207 1822 1387 1886 quales
1425 1833 1615 1890 poetae
1660 1822 1857 1874 mimos
1892 1820 1992 1869 effe

218 1895 448 1948 docent,
488 1894 584 1960 qui
622 1891 851 1940 amantis
891 1891 1174 1959 personam
1221 1892 1485 1942 sustinent
1519 1923 1591 1934 -
1645 1896 1720 1944 16.
1757 1904 1889 1941 caue
1927 1909 1994 1940 ne

214 1960 550 2039 irzqrtffitiorzi
583 1963 714 2012 mihi
737 1960 824 2034 fis
866 1978 936 2010 ne
974 1980 999 2013 a
1042 1979 1159 2019 me,
1199 1963 1415 2030 quando
1465 1979 1696 2021 venem,
1738 1978 1994 2029 quaeren-

217 2034 319 2084 dus
367 2035 443 2087 fis.
539 2032 745 2082 Eodem
794 2031 944 2086 sensu
998 2034 1153 2102 Capt.
1185 2052 1227 2085 z.
1262 2052 1303 2083 2.
1336 2053 1376 2090 ς.
1435 2051 1504 2083 ne
1553 2037 1654 2087 tibi
1696 2033 1996 2104 quaestioni

218 2105 464 2155 effernuS.
517 2102 640 2153 Cist.
673 2122 714 2154 2.
748 2120 790 2162 3.
821 2121 902 2164 49·
958 2121 1028 2154 ne
1068 2107 1126 2156 in
1161 2103 1467 2173 quaestione
1500 2108 1642 2173 mihj
1680 2106 1754 2160 fit.
1799 2104 1994 2159 Pseud.

224 2195 270 2232 z.
300 2194 345 2231 ι’.
371 2177 454 2231 68.
508 2191 583 2262 ne
617 2177 676 2227 in
725 2174 1031 2247 quaestione
1067 2177 1146 2232 fis..
1943 2174 1945 2176 ’

541 2317 628 2367 IN
691 2316 962 2372 ACTVS
1012 2316 1543 2372 111pSCENAM
1591 2319 1669 2371 11.

336 2403 382 2448 ς,
421 2388 753 2443 veruecibus,
816 2389 882 2442 fic
936 2388 1104 2442 Mete.
1140 2406 1183 2449 3.
1215 2406 1260 2448 3.
1290 2391 1337 2439 6.
1401 2387 1559 2442 senex
1620 2387 1689 2439 ad
1738 2385 2003 2437 Venerem

225 2459 444 2526 ineptus
494 2472 719 2510 vocatur
770 2476 965 2511 veruex
1014 2490 1085 2502 2-
1138 2461 1186 2512 6.
1249 2463 1400 2517 ,enati
1442 2478 1538 2530 pro
1620 2469 1810 2509 enatus
1859 2455 2004 2523 apud

223 2529 482 2581 Plautum
521 2529 932 2599 Sallustiumque
977 2529 1134 2600 saepe
1178 2547 1208 2580 o
1250 2533 1406 2584 uiurn
1438 2561 1509 2574 -.-
1540 2521 1719 2580 ‘enati
1759 2527 2002 2580 columen

226 2600 467 2657 ironice,
508 2601 756 2673 vtEpid.
786 2620 829 2655 2.
860 2621 904 2655 2.
941 2620 983 2656 ς.
1018 2602 1187 2656 senati
1219 2604 1315 2670 qui
1350 2603 1600 2655 columen
1642 2602 1841 2653 cluent.
1914 2597 2005 2648 Sic

230 2687 315 2738 ap,
361 2671 484 2723 Ter.
526 2674 748 2726 Phorm.
779 2691 822 2725 ι.
857 2692 900 2731 3·
935 2688 1013 2733 37.
1084 2673 1332 2723 columen
1388 2669 1650 2726 familiae!
1696 2701 1767 2714 --
1815 2675 1863 2722 8.
1902 2685 2004 2735 pro

230 2742 439 2794 modius
474 2758 598 2795 cum
633 2744 880 2795 Salmafio
918 2745 1037 2813 lego
1077 2745 1268 2802 modio,
1316 2742 1550 2808 σὶλαίνητοι
1582 2740 1818 2801 δουλάρια,
1855 2755 2007 2800 manv

230 2814 404 2881 cipi-a,
457 2831 592 2882 quae
628 2832 655 2864 a
691 2814 981 2873 barbari&⁴
1011 2816 1312 2869 Thracibus
1360 2817 1681 2883 praecipue,
1726 2809 1830 2862 sale
1869 2826 2007 2859 mer-

232 2885 503 2936 catoribus
547 2885 994 2938 diuendebantur.
1034 2885 1365 2944 ·Eustathius
1407 2886 1663 2952 intelligit
1689 2882 1874 2937 ἕυωνοι,
1909 2880 2008 2931 vili

233 2967 394 3008 emta.
469 2955 694 3010 Sensus:
734 2958 1054 3015 Alcefimus‚
1102 2957 1286 3011 modio
1327 2956 1445 3009 salis
1481 2969 1688 3010 emtus,
1738 2968 1849 3004 non
1884 2952 2010 3005 effen

234 3026 391 3080 vilis,
449 3026 537 3077 sed
589 3029 694 3079 hoc
741 3029 847 3078 iam
895 3029 1312 3103 exiguo'ffpretio
1362 3044 1637 3096 percarus,
1689 3025 1724 3073 i.
1749 3041 1793 3073 e.
1840 3023 2008 3076 homo

234 3094 519 3150 viliffimus
557 3110 611 3147 et
641 3096 1000 3168 nequiffirnus
1036 3098 1122 3151 eft.
1198 3100 1309 3167 Qui
1347 3101 1560 3150 modius
1593 3093 1911 3152 defendunt,
1949 3090 2014 3143 ro*

233 3169 330 3235 qui
382 3169 618 3238 positum
664 3181 860 3243 putant
910 3172 1131 3241 antique
1165 3187 1276 3237 pro
1317 3172 1431 3226 cui,
1493 3170 1583 3219 cui
1627 3166 1845 3216 modius
1893 3163 2013 3214 [alie

235 3239 397 3294 venit.
425 3241 462 3293 i.
486 3257 533 3294 e.
571 3240 832 3313 inpensus
861 3240 931 3295 est
960 3272 1032 3284 --
1072 3259 1151 3306 ιε.
1186 3241 1477 3309 conuenibo
1504 3241 1726 3313 antique
1763 3252 1860 3309 pro
1893 3251 2011 3290 con·-
