2144 3554
625 171 833 218 acrvs
872 153 954 217 V.
990 167 1271 216 rscizam
1309 150 1355 211 1.
1388 149 1489 218 11.·
1816 171 1931 228 333
1966 218 1972 223 ,

194 329 213 340 r
262 330 344 378 17.
373 312 470 384 qui
507 307 689 361 colunt
719 319 954 379 quorum
988 304 1128 355 haec
1160 302 1288 353 vrbe
1323 300 1615 375 praecipua
1663 303 1722 355 in
1750 307 1939 359 ¹tutela

92 403 98 413 “
159 383 246 444 est.
283 385 395 437 vid.
426 380 566 434 infra
594 397 636 442 ς.
655 396 703 441 4.
727 395 805 434 ι4.
831 403 903 417 ·-—
940 368 1248 451 19.fratris
1278 374 1554 443 patruelis.
1580 372 1650 426 sc.
1672 393 1718 426 2.
1743 394 1799 428 ν.
1822 392 1938 441 ¹09·

63 491 65 494 .
155 450 409 512 120110111‘3
429 451 614 526 filium
653 447 1046 521 Agorastoclem
1090 473 1163 486 -
1213 461 1294 506 25·
1333 444 1401 495 de
1435 441 1633 518 teſj'era
1673 442 1942 523 hospitali

155 529 270 581 vid.
312 524 436 580 cist.
466 543 512 573 ἰ.
545 540 588 574 ι.
616 538 694 589 ²7·
726 533 781 572 et
816 516 954 569 infra
989 517 1058 570 fc.
1087 537 1133 569 ι.
1166 521 1302 569 v.80
1327 514 1405 587 sq.
1445 530 1506 567 vt
1541 517 1748 569 Petitue
1784 517 1942 589 [upra

154 598 373 652 versum
403 603 430 650 8
474 595 706 646 latinum
744 591 894 650 fecit,
926 592 984 641 in
1019 591 1123 641 hac
1157 588 1451 640 Hannonis
1492 587 1675 641 teffera
1714 602 1826 642 erat
1848 591 1938 643 Sa·

154 672 302 725 turni
326 670 532 737 imago.
663 708 666 714 .
1215 726 1223 735 ,

508 775 605 831 'IN
672 774 928 831 ACTVS
979 775 1039 827 V.
1114 773 1460 828 SCENAM
1512 778 1592 830 11.

276 886 321 921 r.
361 868 494 920 dixe
525 862 707 917 dixiffe
732 891 804 903 -—
839 879 889 925 4.
922 863 1141 915 liberali
1166 859 1330 941 causa
1354 877 1456 917 etc.
1489 866 1602 917 vid.
1627 881 1676 929 4.
1706 884 1752 918 τ.
1777 870 1949 932 84.-

161 957 207 995 e.
240 943 347 992 iam
387 938 749 1011 popularitas,
776 951 907 1020 ‚quo
956 936 1175 1005 longius
1220 952 1248 985 a
1294 939 1463 1007 patria
1511 937 1669 999 absia,
1718 954 1783 990 eo
1821 941 1947 1008 plue

52 1022 75 1065 ,’
156 1000 289 1065 solet
323 1007 818 1068 commendationis
864 1005 1094 1066 habere.
1142 1022 1319 1078 eoque
1361 1009 1429 1059 ad
1471 1006 1647 1059 officia
1693 1010 1948 1063 humani·

157 1085 284 1135 tatis
309 1079 619 1154 praestanda
641 1080 967 1151 promtiores
990 1077 1299 1133 reddere—
1329 1084 1376 1131 8.
1404 1078 1563 1134 Creta
1590 1079 1665 1156 ¹?st
1688 1075 1947 1205 proifeeto

157 1157 350 1208 horum
382 1155 653 1205 hominum
691 1152 868 1203 oratio
889 1149 1101 1201 Camer.
1140 1160 1194 1200 et
1216 1150 1401 1200 Lamb.
1436 1154 1736 1221 explicant:
1796 1171 1947 1211 ermo

158 1243 348 1291 eorum
390 1221 655 1280 candidus
696 1234 750 1273 et
782 1219 980 1272 faustus
1008 1219 1108 1280 est3
1157 1219 1403 1272 Gruter.=
1449 1233 1511 1272 vt
1551 1238 1693 1275 creta
1736 1242 1950 1279 emacu-

156 1290 336 1356 lantur
362 1294 560 1356 vestet.
599 1294 668 1345 fic
704 1293 793 1342 illa
823 1292 1069 1343 oratione
1101 1306 1296 1345 ornnes
1325 1293 1462 1345 dicit
1503 1297 1689 1347 animo
1728 1295 1822 1350 suo
1858 1300 1950 1349 ab·

66 1414 70 1419 .
156 1370 312 1422 lutae·
337 1365 437 1420 effe
469 1364 652 1419 sordeo
685 1392 757 1404 -·
797 1381 892 1428 ¹4·
933 1365 1210 1432 inpetrare
1240 1364 1562 1435 plerumque
1605 1366 1676 1417 est
1714 1388 1949 1424 exorare
2011 1430 2014 1434 Α

157 1439 345 1502 Casa.
375 1456 422 1502 3.
448 1454 542 1502 §lv
567 1434 732 1509 quid,
786 1435 821 1485 fi
863 1452 891 1487 e
931 1449 962 1485 ο
1001 1437 1215 1506 inpetro
1256 1448 1420 1507 atque
1459 1453 1622 1490 exoro
1668 1456 1698 1491 a
1737 1442 1945 1494 villico.

156 1515 266 1565 lac.
293 1510 592 1566 Durantiue
627 1520 766 1559 vero·
805 1522 899 1558 ver
940 1520 1036 1558 um
1077 1507 1290 1572 deriu‘at
1332 1524 1361 1558 a
1394 1520 1654 1575 patrare,
1701 1526 1763 1565 vt
1798 1515 1946 1580 inpe-

57 1602 62 1610 ·
157 1595 312 1635 trare
335 1581 484 1635 idem
517 1597 614 1651 pro
655 1582 731 1631 rie
760 1576 1037 1647 significet,
1078 1578 1227 1647 quod
1250 1591 1601 1647 perpetrare,
1642 1582 1712 1634 ad
1740 1587 1950 1638 exitum

157 1655 470 1726 perducere,
508 1598 916 1710 confummare3
954 1666 1093 1718 quae
1123 1649 1439 1722 fignificatio
1470 1654 1634 1705 buius
1660 1656 1767 1708 loci
1796 1656 1953 1707 est—

165 1743 247 1783 ις.
283 1743 435 1778 auem
481 1725 733 1787 nominat
778 1722 1025 1773 Poenum
1068 1721 1139 1773 ob
1198 1725 1468 1784 manicas.
1532 1726 1739 1778 alarum
1794 1728 1954 1782 instat
2008 1754 2021 1761 ·

61 1855 66 1862 ,
158 1798 437 1868 Vtrimque
476 1795 701 1866 pensiles
738 1792 1027 1864 libereque'
1052 1792 1286 1846 fluentes
1320 1823 1392 1835 -
1434 1798 1513 1848 16.
1550 1800 1954 1852 circumductus

160 1885 257 1939 per
283 1867 531 1921 fraudem
554 1866 826 1934 spoliatus.
860 1864 975 1915 vid.
1004 1865 1204 1917 Bacch.
1232 1885 1277 1918 2.
1304 1885 1351 1929 3.
1376 1884 1459 1930 77.
1487 1882 1589 1920 etc.
1614 1900 1687 1911 —
1730 1889 1807 1934 ¹7·
1835 1873 1953 1941 post

50 1951 66 1986 ⁴·
161 1939 358 2006 edepol
406 1938 737 1990 addiderunt
778 1938 983 2003 punica
1035 1934 1110 2008 qsc'
1153 1951 1207 1989 et
1248 1939 1437 1990 Lamb.
1488 1957 1518 1991 e
1552 1942 1674 1993 cod.
1709 1945 1953 2012 quodam

54 2009 65 2032 ²
161 2011 316 2063 addit
351 2027 536 2081 gugga
577 2006 651 2082 est
687 2010 844 2058 homo
882 2008 917 2058 i.
937 2025 982 2059 e.
1022 2006 1164 2067 Afer,
1216 2003 1310 2060 seu
1347 2010 1514 2063 homo
1550 2028 1615 2063 ex
1652 2015 1843 2081 Libya.
1879 2046 1952 2056 —

167 2101 250 2135 το.
278 2082 484 2134 dixerat
515 2080 714 2150 Milph.
733 2075 935 2155 serum*
971 2090 1186 2130 veteres
1224 2083 1591 2152 antiquosque
1631 2086 1827 2138 hahet.-
1866 2104 1952 2139 ro·

160 2164 322 2225 gante
347 2155 515 2224 igitur
538 2152 670 2204 hero
697 2151 804 2222 ‘qui
816 2144 978 2226 scis?
1023 2150 1314 2222 respondet
1343 2156 1527 2206 viden‘
1564 2158 1808 2209 homines
1818 2154 1949 2232 sar·

163 2228 379 2278 cinatos
422 2217 692 2300 consequi.
766 2221 878 2273 Sub
917 2238 1082 2275 onere
1127 2239 1241 2275 non
1275 2237 1530 2292 poterant
1574 2245 1687 2279 non
1729 2232 1952 2283 incurui

67 2331 69 2340 ,
163 2297 444 2348 incederet
492 2294 622 2347 inde
659 2294 890 2353 iocatur,
928 2295 1187 2347 incuruos
1228 2294 1330 2347 effe
1360 2297 1511 2350 fenea
1550 2328 1623 2339 —-
1662 2318 1742 2353 21.
1784 2322 1954 2353 annu·

55 2407 66 2438 .:
152 2369 300 2421 *latis
335 2367 558 2419 auribus
578 2366 722 2416 male
755 2364 1050 2415 audiebant
1079 2367 1223 2434 apud
1248 2368 1526 2424 Romanoa
1551 2372 1725 2423 Poeni
1750 2375 1955 2445 aliique

59 2439 63 2453 “’
161 2441 405 2500 barbari,
446 2439 545 2509 qui
581 2452 736 2495 aures
761 2436 1034 2487 habebant
1070 2436 1362 2507 perforatas
1386 2454 1473 2480 —*
1514 2448 1595 2495 28.
1636 2461 1716 2510 ²9·
1752 2445 1954 2499 Hanno

164 2526 388 2582 gemens
420 2507 619 2569 secum,
648 2505 884 2559 'audiuit
925 2510 1093 2568 enim,
1131 2526 1269 2581 quae
1295 2513 1454 2582 Agor.
1494 2531 1549 2566 v,
1577 2516 1658 2565 26.
1687 2533 1768 2578 ²7·
1809 2518 1956 2569 dixe·

156 2594 249 2635 ,rat
270 2611 342 2621 --
382 2600 462 2646 3¹·
488 2583 694 2648 punior
725 2583 1123 2647 comparatiuus
1153 2583 1361 2634 comice
1394 2585 1584 2636 fictus:
1620 2591 1797 2653 magis
1815 2592 1954 2640 Poe-

165 2673 287 2713 nus,
327 2651 765 2708 fraudulentior..
796 2653 892 2720 qui
930 2651 1094 2703 hodie
1141 2655 1319 2722 plures
1370 2654 1525 2709 dolos
1561 2659 1754 2709 callide
1799 2677 1956 2712 exco-

169 2726 452 2795 gitauerit3
490 2724 611 2774 alii:
657 2723 891 2794 punicae
916 2724 1133 2793 linguae
1168 2727 1423 2792 peritior;
1485 2729 1637 2798 quod
1670 2732 1802 2784 hero
1841 2735 1956 2802 qui-

169 2795 296 2848 dem
328 2793 486 2848 facile
514 2792 833 2865 persuadere
863 2807 1105 2862 poterat,
1155 2799 1272 2847 eius
1309 2798 1529 2868 linguae
1574 2802 1791 2870 ignaro;
1842 2803 1955 2872 ipse

85 2868 88 2869 ’
171 2879 383 2927 autem,
435 2868 531 2937 qui
570 2866 774 2934 punice
811 2862 1115 2927 nesciebat,
1159 2868 1433 2938 loquentia
1471 2871 1646 2922 Poeni
1689 2875 1851 2924 verba
1891 2893 1957 2926 ex

169 2935 290 2989 solo‘
310 2938 760 3006 interpretabatur
789 2935 938 2988 sono·
975 2966 1047 2978 ——-
1088 2955 1170 3000 33.
1205 2958 1271 2990 ne
1299 2936 1546 3017 passeris
1588 2945 1730 2994 nih'il
1755 2946 1958 2997 horum

173 3025 424 3078 quaerere
463 3007 797 3061 obliuiscaris
826 3035 897 3045 -
923 3026 1021 3071 34.
1056 3027 1160 3060 auo
1193 3011 1427 3082 Scaliger
1457 3015 1705 3082 explicat,
1738 3018 1806 3068 ad
1839 3036 1957 3068 ver·

174 3086 311 3137 bum
355 3084 456 3135 effe
500 3088 627 3136 viue
664 3103 693 3141 a
736 3097 889 3154 ηπτ-ι,
953 3099 1008 3136 et
1052 3104 1152 3136 aue
1198 3088 1515 3141 Latinorum
1562 3094 1811 3144 eiusdem
1858 3094 1959 3143 effe

71 3203 73 3206 .
174 3161 404 3229 originis
450 3167 522 3199 -'-
579 3167 659 3223 38.
695 3148 1080 3213 dorii'Drufius
1121 3163 1257 3216 dicit
1296 3164 1396 3216 effe
1435 3184 1500 3217 ex
1528 3170 1712 3220 Adoni
1750 3172 1830 3218 mi
1865 3170 1958 3220 do·

44 3218 83 3300 J
172 3232 327 3283 mine
364 3259 435 3271 -—
486 3246 571 3294 43⁷.
602 3228 849 3310 miseram
893 3250 1123 3302 aegram,
1168 3235 1572 3288 morbosam—
1613 3235 1961 3315 44.f0rtaffe

64 3307 71 3316 '
175 3317 305 3354 cum
342 3300 652 3363 infinitin,
711 3306 1013 3365 arbitrari,
1073 3301 1398 3360 rarissimum
1441 3311 1668 3379 quidem
1709 3310 1805 3362 est:
1863 3314 1961 3382 qui
