<?xml version="1.0" encoding="UTF-8"?>
<!DOCTYPE html PUBLIC "-//W3C//DTD XHTML 1.0 Transitional//EN"
    "http://www.w3.org/TR/xhtml1/DTD/xhtml1-transitional.dtd">
<html xmlns="http://www.w3.org/1999/xhtml" xml:lang="en" lang="en">
 <head>
  <title>
</title>
<meta http-equiv="Content-Type" content="text/html;charset=utf-8" />
  <meta name='ocr-system' content='tesseract 3.04.00' />
  <meta name='ocr-capabilities' content='ocr_page ocr_carea ocr_par ocr_line ocrx_word'/>
</head>
<body>
  <div class='ocr_page' id='page_1' title='image "./commentariusperp01plauuoft_0286.png"; bbox 0 0 2144 3554; ppageno 0'>
   <div class='ocr_carea' id='block_1_1' title="bbox 326 0 686 33">
    <p class='ocr_par' dir='ltr' id='par_1_1' title="bbox 326 0 686 33">
     <span class='ocr_line' id='line_1_1' title="bbox 326 0 686 33; baseline 0 -1"><span class='ocrx_word' id='word_1_1' title='bbox 326 0 686 33; x_wconf 42' lang='grc' dir='ltr'><strong>*τ’</strong></span> 
     </span>
    </p>
   </div>
   <div class='ocr_carea' id='block_1_2' title="bbox 226 191 1396 266">
    <p class='ocr_par' dir='ltr' id='par_1_2' title="bbox 226 191 1396 266">
     <span class='ocr_line' id='line_1_2' title="bbox 226 191 1396 266; baseline 0.004 -26"><span class='ocrx_word' id='word_1_2' title='bbox 226 191 346 262; x_wconf 60' lang='lat'><strong>280</strong></span> <span class='ocrx_word' id='word_1_3' title='bbox 847 200 917 266; x_wconf 72' lang='lat' dir='ltr'><strong>m</strong></span> <span class='ocrx_word' id='word_1_4' title='bbox 972 197 1396 245; x_wconf 66' lang='lat' dir='ltr'><strong>MERCAToms</strong></span> 
     </span>
    </p>
   </div>
   <div class='ocr_carea' id='block_1_3' title="bbox 231 331 1996 406">
    <p class='ocr_par' dir='ltr' id='par_1_3' title="bbox 231 331 1996 406">
     <span class='ocr_line' id='line_1_3' title="bbox 231 331 1996 406; baseline 0.005 -24"><span class='ocrx_word' id='word_1_5' title='bbox 231 349 348 382; x_wconf 89' lang='lat' dir='ltr'><strong>eam</strong></span> <span class='ocrx_word' id='word_1_6' title='bbox 374 333 511 383; x_wconf 84' lang='lat' dir='ltr'><strong>velle</strong></span> <span class='ocrx_word' id='word_1_7' title='bbox 551 362 622 374; x_wconf 89' lang='lat'>-</span> <span class='ocrx_word' id='word_1_8' title='bbox 688 350 798 394; x_wconf 76' lang='grc' dir='ltr'><strong>ης.</strong></span> <span class='ocrx_word' id='word_1_9' title='bbox 834 344 983 399; x_wconf 89' lang='lat' dir='ltr'><strong>pater</strong></span> <span class='ocrx_word' id='word_1_10' title='bbox 1024 331 1164 382; x_wconf 85' lang='lat' dir='ltr'><strong>ludit</strong></span> <span class='ocrx_word' id='word_1_11' title='bbox 1206 331 1407 391; x_wconf 85' lang='lat' dir='ltr'><strong>filium,</strong></span> <span class='ocrx_word' id='word_1_12' title='bbox 1448 336 1569 402; x_wconf 86' lang='lat' dir='ltr'><strong>qui,</strong></span> <span class='ocrx_word' id='word_1_13' title='bbox 1625 349 1687 388; x_wconf 84' lang='lat' dir='ltr'><strong>vt</strong></span> <span class='ocrx_word' id='word_1_14' title='bbox 1721 334 1996 406; x_wconf 71' lang='lat' dir='ltr'><strong>effugeret,</strong></span> 
     </span>
    </p>
   </div>
   <div class='ocr_carea' id='block_1_4' title="bbox 230 402 1999 536">
    <p class='ocr_par' dir='ltr' id='par_1_4' title="bbox 230 402 1999 536">
     <span class='ocr_line' id='line_1_4' title="bbox 230 402 1999 473; baseline 0.005 -21"><span class='ocrx_word' id='word_1_15' title='bbox 230 422 282 452; x_wconf 86' lang='lat' dir='ltr'><strong>v.</strong></span> <span class='ocrx_word' id='word_1_16' title='bbox 308 419 368 466; x_wconf 86' lang='lat'><strong>4²</strong></span> <span class='ocrx_word' id='word_1_17' title='bbox 410 417 464 454; x_wconf 91' lang='lat' dir='ltr'><strong>et</strong></span> <span class='ocrx_word' id='word_1_18' title='bbox 501 423 554 466; x_wconf 78' lang='lat'><strong>5¹</strong></span> <span class='ocrx_word' id='word_1_19' title='bbox 595 405 756 454; x_wconf 78' lang='lat' dir='ltr'><strong>rebus</strong></span> <span class='ocrx_word' id='word_1_20' title='bbox 799 405 894 453; x_wconf 88' lang='lat' dir='ltr'><strong>fibi</strong></span> <span class='ocrx_word' id='word_1_21' title='bbox 925 402 1193 455; x_wconf 85' lang='lat' dir='ltr'><strong>mandatis</strong></span> <span class='ocrx_word' id='word_1_22' title='bbox 1225 406 1679 473; x_wconf 87' lang='lat' dir='ltr'><strong>praeuertendum</strong></span> <span class='ocrx_word' id='word_1_23' title='bbox 1719 409 1817 459; x_wconf 83' lang='lat' dir='ltr'><strong>ess&#39;e</strong></span> <span class='ocrx_word' id='word_1_24' title='bbox 1859 408 1999 461; x_wconf 83' lang='lat' dir='ltr'><strong>dixe-</strong></span> 
     </span>
     <span class='ocr_line' id='line_1_5' title="bbox 232 476 893 536; baseline -0.005 -9"><span class='ocrx_word' id='word_1_25' title='bbox 232 487 311 527; x_wconf 76' lang='lat' dir='ltr'><strong>rat</strong></span> <span class='ocrx_word' id='word_1_26' title='bbox 339 501 410 512; x_wconf 90' lang='lat'>—</span> <span class='ocrx_word' id='word_1_27' title='bbox 453 493 566 536; x_wconf 80' lang='lat'><strong>1²7·</strong></span> <span class='ocrx_word' id='word_1_28' title='bbox 607 476 753 525; x_wconf 82' lang='lat' dir='ltr'><strong>hitas</strong></span> <span class='ocrx_word' id='word_1_29' title='bbox 790 491 893 525; x_wconf 84' lang='lat' dir='ltr'><strong>eas.</strong></span> 
     </span>
    </p>
   </div>
   <div class='ocr_carea' id='block_1_5' title="bbox 166 609 2018 1610">
    <p class='ocr_par' dir='ltr' id='par_1_5' title="bbox 547 609 1693 668">
     <span class='ocr_line' id='line_1_6' title="bbox 547 609 1693 668; baseline 0.001 -2"><span class='ocrx_word' id='word_1_30' title='bbox 547 609 644 666; x_wconf 70' lang='lat' dir='ltr'><strong>‘IN</strong></span> <span class='ocrx_word' id='word_1_31' title='bbox 711 614 976 668; x_wconf 89' lang='lat' dir='ltr'>ACTVS</span> <span class='ocrx_word' id='word_1_32' title='bbox 1038 615 1115 664; x_wconf 92' lang='grc' dir='ltr'><strong>ΙΙ.</strong></span> <span class='ocrx_word' id='word_1_33' title='bbox 1189 615 1537 667; x_wconf 83' lang='lat' dir='ltr'>SCENAM</span> <span class='ocrx_word' id='word_1_34' title='bbox 1598 618 1693 667; x_wconf 89' lang='lat' dir='ltr'><strong>IV.</strong></span> 
     </span>
    </p>

    <p class='ocr_par' dir='ltr' id='par_1_6' title="bbox 166 685 2018 1610">
     <span class='ocr_line' id='line_1_7' title="bbox 346 685 2006 757; baseline 0.004 -25"><span class='ocrx_word' id='word_1_35' title='bbox 346 700 386 734; x_wconf 78' lang='grc' dir='ltr'><strong>ι.</strong></span> <span class='ocrx_word' id='word_1_36' title='bbox 416 685 738 743; x_wconf 82' lang='lat' dir='ltr'><strong>Pentheum,</strong></span> <span class='ocrx_word' id='word_1_37' title='bbox 775 686 1087 735; x_wconf 81' lang='lat' dir='ltr'><strong>Thebarum</strong></span> <span class='ocrx_word' id='word_1_38' title='bbox 1109 702 1306 754; x_wconf 89' lang='lat' dir='ltr'><strong>regem,</strong></span> <span class='ocrx_word' id='word_1_39' title='bbox 1343 689 1412 737; x_wconf 93' lang='lat' dir='ltr'><strong>ob</strong></span> <span class='ocrx_word' id='word_1_40' title='bbox 1442 686 1608 757; x_wconf 88' lang='lat' dir='ltr'><strong>spreta</strong></span> <span class='ocrx_word' id='word_1_41' title='bbox 1636 687 1838 740; x_wconf 87' lang='lat' dir='ltr'><strong>Bacchi</strong></span> <span class='ocrx_word' id='word_1_42' title='bbox 1864 685 2006 738; x_wconf 81' lang='lat' dir='ltr'><strong>sacra</strong></span> 
     </span>
     <span class='ocr_line' id='line_1_8' title="bbox 232 753 2007 827; baseline 0.004 -24"><span class='ocrx_word' id='word_1_43' title='bbox 232 771 256 803; x_wconf 88' lang='lat' dir='ltr'><strong>a</strong></span> <span class='ocrx_word' id='word_1_44' title='bbox 274 753 520 813; x_wconf 80' lang='lat' dir='ltr'><strong>Bacchis,</strong></span> <span class='ocrx_word' id='word_1_45' title='bbox 544 760 599 806; x_wconf 87' lang='lat' dir='ltr'><strong>in</strong></span> <span class='ocrx_word' id='word_1_46' title='bbox 628 759 800 827; x_wconf 86' lang='lat' dir='ltr'><strong>iisque</strong></span> <span class='ocrx_word' id='word_1_47' title='bbox 830 758 894 807; x_wconf 91' lang='lat' dir='ltr'><strong>ab</strong></span> <span class='ocrx_word' id='word_1_48' title='bbox 921 756 1030 823; x_wconf 86' lang='lat' dir='ltr'><strong>ipsa</strong></span> <span class='ocrx_word' id='word_1_49' title='bbox 1055 769 1224 808; x_wconf 85' lang='lat' dir='ltr'><strong>matre</strong></span> <span class='ocrx_word' id='word_1_50' title='bbox 1252 771 1305 807; x_wconf 91' lang='lat' dir='ltr'><strong>et</strong></span> <span class='ocrx_word' id='word_1_51' title='bbox 1324 759 1639 816; x_wconf 73' lang='lat' dir='ltr'>materteris,</span> <span class='ocrx_word' id='word_1_52' title='bbox 1674 759 2007 827; x_wconf 78' lang='lat' dir='ltr'><strong>discerptum</strong></span> 
     </span>
     <span class='ocr_line' id='line_1_9' title="bbox 238 823 2004 902; baseline 0.005 -30"><span class='ocrx_word' id='word_1_53' title='bbox 238 824 546 876; x_wconf 71' lang='lat' dir='ltr'>fabulantur</span> <span class='ocrx_word' id='word_1_54' title='bbox 575 829 675 878; x_wconf 68' lang='lat' dir='ltr'><strong>ess&#39;e</strong></span> <span class='ocrx_word' id='word_1_55' title='bbox 696 858 766 867; x_wconf 94' lang='lat'>—</span> <span class='ocrx_word' id='word_1_56' title='bbox 790 845 967 895; x_wconf 81' lang='lat' dir='ltr'><strong>nugas</strong></span> <span class='ocrx_word' id='word_1_57' title='bbox 997 845 1278 879; x_wconf 78' lang='lat' dir='ltr'><em>maxumas</em></span> <span class='ocrx_word' id='word_1_58' title='bbox 1291 823 1467 902; x_wconf 77' lang='lat' dir='ltr'><strong>suiſj‘e</strong></span> <span class='ocrx_word' id='word_1_59' title='bbox 1501 831 1662 880; x_wconf 82' lang='lat' dir='ltr'><strong>credo</strong></span> <span class='ocrx_word' id='word_1_60' title='bbox 1688 847 1798 880; x_wconf 88' lang='lat' dir='ltr'><strong>non</strong></span> <span class='ocrx_word' id='word_1_61' title='bbox 1828 843 2004 898; x_wconf 87' lang='lat' dir='ltr'><strong>negat,</strong></span> 
     </span>
     <span class='ocr_line' id='line_1_10' title="bbox 239 895 2007 976; baseline 0.004 -32"><span class='ocrx_word' id='word_1_62' title='bbox 239 895 294 944; x_wconf 90' lang='lat' dir='ltr'><strong>id</strong></span> <span class='ocrx_word' id='word_1_63' title='bbox 331 897 461 945; x_wconf 84' lang='lat' dir='ltr'><strong>olim</strong></span> <span class='ocrx_word' id='word_1_64' title='bbox 499 898 598 947; x_wconf 81' lang='lat' dir='ltr'><strong>effe</strong></span> <span class='ocrx_word' id='word_1_65' title='bbox 637 897 869 955; x_wconf 85' lang='lat' dir='ltr'><strong>factum,</strong></span> <span class='ocrx_word' id='word_1_66' title='bbox 919 896 1008 947; x_wconf 87' lang='lat' dir='ltr'><strong>sed</strong></span> <span class='ocrx_word' id='word_1_67' title='bbox 1049 909 1246 963; x_wconf 82' lang='lat' dir='ltr'><strong>praeut</strong></span> <span class='ocrx_word' id='word_1_68' title='bbox 1281 916 1386 966; x_wconf 86' lang='lat' dir='ltr'><strong>quo</strong></span> <span class='ocrx_word' id='word_1_69' title='bbox 1425 911 1591 964; x_wconf 83' lang='lat' dir='ltr'><strong>pacto</strong></span> <span class='ocrx_word' id='word_1_70' title='bbox 1629 919 1724 966; x_wconf 78' lang='lat' dir='ltr'><strong>ego</strong></span> <span class='ocrx_word' id='word_1_71' title='bbox 1761 896 2007 976; x_wconf 74' lang='lat' dir='ltr'><strong>diuersus</strong></span> 
     </span>
     <span class='ocr_line' id='line_1_11' title="bbox 166 967 2006 1039; baseline 0.004 -25"><span class='ocrx_word' id='word_1_72' title='bbox 166 990 168 992; x_wconf 96' lang='lat'>·</span> <span class='ocrx_word' id='word_1_73' title='bbox 237 967 516 1017; x_wconf 75' lang='lat' dir='ltr'><strong>distrahor</strong></span> <span class='ocrx_word' id='word_1_74' title='bbox 550 971 777 1020; x_wconf 79' lang='lat' dir='ltr'><strong>Penthei</strong></span> <span class='ocrx_word' id='word_1_75' title='bbox 818 969 954 1018; x_wconf 92' lang='lat' dir='ltr'><strong>mala</strong></span> <span class='ocrx_word' id='word_1_76' title='bbox 996 981 1302 1038; x_wconf 86' lang='lat' dir='ltr'><strong>comparata</strong></span> <span class='ocrx_word' id='word_1_77' title='bbox 1331 987 1457 1021; x_wconf 88' lang='lat' dir='ltr'><strong>cum</strong></span> <span class='ocrx_word' id='word_1_78' title='bbox 1488 970 1624 1020; x_wconf 87' lang='lat' dir='ltr'><strong>meis</strong></span> <span class='ocrx_word' id='word_1_79' title='bbox 1659 987 1832 1039; x_wconf 85' lang='lat' dir='ltr'><strong>nugae</strong></span> <span class='ocrx_word' id='word_1_80' title='bbox 1869 972 2006 1022; x_wconf 86' lang='lat' dir='ltr'><strong>sunt.</strong></span> 
     </span>
     <span class='ocr_line' id='line_1_12' title="bbox 237 1037 2012 1110; baseline 0.002 -24"><span class='ocrx_word' id='word_1_81' title='bbox 237 1037 529 1107; x_wconf 72' lang='lat' dir='ltr'><strong>crudeliori</strong></span> <span class='ocrx_word' id='word_1_82' title='bbox 553 1039 605 1090; x_wconf 81' lang='lat' dir='ltr'><strong>se</strong></span> <span class='ocrx_word' id='word_1_83' title='bbox 633 1041 975 1109; x_wconf 83' lang='lat' dir='ltr'><strong>tristiorique‚</strong></span> <span class='ocrx_word' id='word_1_84' title='bbox 1013 1058 1173 1109; x_wconf 87' lang='lat' dir='ltr'><strong>quam</strong></span> <span class='ocrx_word' id='word_1_85' title='bbox 1189 1041 1510 1098; x_wconf 87' lang='lat' dir='ltr'><strong>Pentheum,</strong></span> <span class='ocrx_word' id='word_1_86' title='bbox 1546 1042 1756 1091; x_wconf 86' lang='lat' dir='ltr'><strong>ratione</strong></span> <span class='ocrx_word' id='word_1_87' title='bbox 1781 1041 2012 1110; x_wconf 78' lang='lat' dir='ltr'><strong>discerpi</strong></span> 
     </span>
     <span class='ocr_line' id='line_1_13' title="bbox 238 1109 2009 1175; baseline 0.005 -20"><span class='ocrx_word' id='word_1_88' title='bbox 238 1111 480 1175; x_wconf 82' lang='lat' dir='ltr'><strong>queritur</strong></span> <span class='ocrx_word' id='word_1_89' title='bbox 501 1140 572 1149; x_wconf 95' lang='lat'>—</span> <span class='ocrx_word' id='word_1_90' title='bbox 614 1129 656 1168; x_wconf 78' lang='grc' dir='ltr'><strong>ς.</strong></span> <span class='ocrx_word' id='word_1_91' title='bbox 693 1114 753 1162; x_wconf 84' lang='lat' dir='ltr'><strong>id</strong></span> <span class='ocrx_word' id='word_1_92' title='bbox 788 1109 1058 1161; x_wconf 83' lang='lat' dir='ltr'><strong>exclusum</strong></span> <span class='ocrx_word' id='word_1_93' title='bbox 1097 1113 1161 1161; x_wconf 87' lang='lat' dir='ltr'><strong>ab</strong></span> <span class='ocrx_word' id='word_1_94' title='bbox 1191 1111 1354 1169; x_wconf 86' lang='lat' dir='ltr'><strong>Aldo,</strong></span> <span class='ocrx_word' id='word_1_95' title='bbox 1396 1111 1730 1163; x_wconf 80' lang='lat' dir='ltr'><strong>Camerarius</strong></span> <span class='ocrx_word' id='word_1_96' title='bbox 1764 1111 2009 1164; x_wconf 82' lang='lat' dir='ltr'><strong>restituit.</strong></span> 
     </span>
     <span class='ocr_line' id='line_1_14' title="bbox 237 1178 2012 1251; baseline 0.005 -25"><span class='ocrx_word' id='word_1_97' title='bbox 237 1178 583 1248; x_wconf 80' lang='lat' dir='ltr'><strong>Elegantius,</strong></span> <span class='ocrx_word' id='word_1_98' title='bbox 635 1185 857 1251; x_wconf 88' lang='lat' dir='ltr'><strong>opinor,</strong></span> <span class='ocrx_word' id='word_1_99' title='bbox 911 1182 1179 1237; x_wconf 83' lang='lat' dir='ltr'><strong>exclusum</strong></span> <span class='ocrx_word' id='word_1_100' title='bbox 1216 1182 1348 1239; x_wconf 83' lang='lat' dir='ltr'><strong>fuit,</strong></span> <span class='ocrx_word' id='word_1_101' title='bbox 1398 1195 1450 1233; x_wconf 91' lang='lat' dir='ltr'><strong>at</strong></span> <span class='ocrx_word' id='word_1_102' title='bbox 1492 1185 1671 1233; x_wconf 78' lang='lat' dir='ltr'><strong>verius</strong></span> <span class='ocrx_word' id='word_1_103' title='bbox 1717 1196 1896 1234; x_wconf 86' lang='lat' dir='ltr'><strong>tamen</strong></span> <span class='ocrx_word' id='word_1_104' title='bbox 1943 1184 2012 1234; x_wconf 92' lang='lat' dir='ltr'><strong>ob</strong></span> 
     </span>
     <span class='ocr_line' id='line_1_15' title="bbox 239 1248 2012 1329; baseline 0.002 -30"><span class='ocrx_word' id='word_1_105' title='bbox 239 1251 492 1300; x_wconf 86' lang='lat' dir='ltr'><strong>codicum</strong></span> <span class='ocrx_word' id='word_1_106' title='bbox 521 1252 839 1304; x_wconf 84' lang='lat' dir='ltr'><strong>consensum</strong></span> <span class='ocrx_word' id='word_1_107' title='bbox 866 1252 1269 1313; x_wconf 62' lang='lat' dir='ltr'><strong>restitutum—</strong></span> <span class='ocrx_word' id='word_1_108' title='bbox 1314 1259 1360 1304; x_wconf 91' lang='lat'><strong>8.</strong></span> <span class='ocrx_word' id='word_1_109' title='bbox 1396 1271 1499 1304; x_wconf 86' lang='lat' dir='ltr'><strong>non</strong></span> <span class='ocrx_word' id='word_1_110' title='bbox 1530 1248 1728 1329; x_wconf 81' lang='lat' dir='ltr'><strong>tuscis</strong></span> <span class='ocrx_word' id='word_1_111' title='bbox 1762 1266 1861 1306; x_wconf 86' lang='lat' dir='ltr'><strong>etc.</strong></span> <span class='ocrx_word' id='word_1_112' title='bbox 1899 1271 2012 1305; x_wconf 88' lang='lat' dir='ltr'><strong>non</strong></span> 
     </span>
     <span class='ocr_line' id='line_1_16' title="bbox 242 1322 2012 1394; baseline 0.003 -25"><span class='ocrx_word' id='word_1_113' title='bbox 242 1322 649 1390; x_wconf 82' lang='lat' dir='ltr'><strong>interrogantis,</strong></span> <span class='ocrx_word' id='word_1_114' title='bbox 691 1323 780 1375; x_wconf 77' lang='lat' dir='ltr'><strong>[ed</strong></span> <span class='ocrx_word' id='word_1_115' title='bbox 814 1325 1158 1374; x_wconf 81' lang='lat' dir='ltr'><strong>lamentantis</strong></span> <span class='ocrx_word' id='word_1_116' title='bbox 1200 1324 1358 1373; x_wconf 81' lang='lat' dir='ltr'><strong>verba</strong></span> <span class='ocrx_word' id='word_1_117' title='bbox 1400 1323 1551 1376; x_wconf 87' lang='lat' dir='ltr'><strong>sunt:-</strong></span> <span class='ocrx_word' id='word_1_118' title='bbox 1608 1323 1807 1382; x_wconf 81' lang='lat' dir='ltr'><strong>nescis,</strong></span> <span class='ocrx_word' id='word_1_119' title='bbox 1851 1343 2012 1394; x_wconf 85' lang='lat' dir='ltr'><strong>quam</strong></span> 
     </span>
     <span class='ocr_line' id='line_1_17' title="bbox 224 1392 2014 1462; baseline 0.003 -22"><span class='ocrx_word' id='word_1_120' title='bbox 224 1409 342 1462; x_wconf 18' lang='lat' dir='ltr'><strong>kego</strong></span> <span class='ocrx_word' id='word_1_121' title='bbox 366 1392 526 1444; x_wconf 86' lang='lat' dir='ltr'><strong>miser</strong></span> <span class='ocrx_word' id='word_1_122' title='bbox 557 1397 644 1444; x_wconf 80' lang='lat' dir='ltr'><strong>[im</strong></span> <span class='ocrx_word' id='word_1_123' title='bbox 664 1392 760 1444; x_wconf 90' lang='lat'><strong>!—</strong></span> <span class='ocrx_word' id='word_1_124' title='bbox 802 1414 872 1445; x_wconf 81' lang='grc' dir='ltr'><strong>[ι.</strong></span> <span class='ocrx_word' id='word_1_125' title='bbox 892 1396 1002 1444; x_wconf 79' lang='lat' dir='ltr'><strong>tuis</strong></span> <span class='ocrx_word' id='word_1_126' title='bbox 1032 1397 1336 1459; x_wconf 75' lang='lat' dir='ltr'><strong>ingratiis?</strong></span> <span class='ocrx_word' id='word_1_127' title='bbox 1364 1407 1413 1443; x_wconf 89' lang='lat' dir='ltr'><strong>te</strong></span> <span class='ocrx_word' id='word_1_128' title='bbox 1437 1399 1613 1446; x_wconf 84' lang='lat' dir='ltr'><strong>inuito</strong></span> <span class='ocrx_word' id='word_1_129' title='bbox 1640 1396 1744 1446; x_wconf 90' lang='lat' dir='ltr'><strong>hoc</strong></span> <span class='ocrx_word' id='word_1_130' title='bbox 1765 1413 1853 1445; x_wconf 87' lang='lat' dir='ltr'><strong>me</strong></span> <span class='ocrx_word' id='word_1_131' title='bbox 1883 1395 2014 1446; x_wconf 84' lang='lat' dir='ltr'><strong>scire</strong></span> 
     </span>
     <span class='ocr_line' id='line_1_18' title="bbox 240 1461 2018 1534; baseline 0.004 -24"><span class='ocrx_word' id='word_1_132' title='bbox 240 1461 418 1514; x_wconf 70' lang='lat' dir='ltr'><strong>dicis?</strong></span> <span class='ocrx_word' id='word_1_133' title='bbox 458 1467 785 1534; x_wconf 82' lang='lat' dir='ltr'><strong>Interrogare</strong></span> <span class='ocrx_word' id='word_1_134' title='bbox 811 1467 1121 1529; x_wconf 80' lang='lat' dir='ltr'><strong>Eutychum</strong></span> <span class='ocrx_word' id='word_1_135' title='bbox 1152 1477 1302 1529; x_wconf 77' lang='lat' dir='ltr'><strong>puto,</strong></span> <span class='ocrx_word' id='word_1_136' title='bbox 1341 1468 1486 1534; x_wconf 88' lang='lat' dir='ltr'><strong>quod</strong></span> <span class='ocrx_word' id='word_1_137' title='bbox 1515 1486 1562 1515; x_wconf 86' lang='lat' dir='ltr'><strong>v.</strong></span> <span class='ocrx_word' id='word_1_138' title='bbox 1590 1485 1663 1526; x_wconf 74' lang='lat'><strong>13.</strong></span> <span class='ocrx_word' id='word_1_139' title='bbox 1698 1466 1855 1517; x_wconf 85' lang='lat' dir='ltr'><strong>dicit:</strong></span> <span class='ocrx_word' id='word_1_140' title='bbox 1901 1478 2018 1517; x_wconf 80' lang='lat' dir='ltr'><strong>tute</strong></span> 
     </span>
     <span class='ocr_line' id='line_1_19' title="bbox 241 1531 2016 1610; baseline 0.003 -28"><span class='ocrx_word' id='word_1_141' title='bbox 241 1535 361 1583; x_wconf 78' lang='lat' dir='ltr'><strong>heri</strong></span> <span class='ocrx_word' id='word_1_142' title='bbox 398 1531 546 1610; x_wconf 77' lang='lat' dir='ltr'><strong>ipsus</strong></span> <span class='ocrx_word' id='word_1_143' title='bbox 592 1539 722 1584; x_wconf 62' lang='lat' dir='ltr'><strong>mila·</strong></span> <span class='ocrx_word' id='word_1_144' title='bbox 769 1535 1037 1609; x_wconf 62' lang='lat' dir='ltr'><strong>narrqfii:</strong></span> <span class='ocrx_word' id='word_1_145' title='bbox 1083 1538 1186 1604; x_wconf 70' lang='lat' dir='ltr'><strong>⁴qui</strong></span> <span class='ocrx_word' id='word_1_146' title='bbox 1227 1535 1415 1585; x_wconf 85' lang='lat' dir='ltr'><strong>videor</strong></span> <span class='ocrx_word' id='word_1_147' title='bbox 1467 1538 1566 1587; x_wconf 86' lang='lat' dir='ltr'><strong>tibi</strong></span> <span class='ocrx_word' id='word_1_148' title='bbox 1608 1539 1824 1588; x_wconf 77' lang='lat' dir='ltr'><strong>nimium</strong></span> <span class='ocrx_word' id='word_1_149' title='bbox 1866 1537 2016 1596; x_wconf 79' lang='lat' dir='ltr'><strong>scire,</strong></span> 
     </span>
    </p>
   </div>
   <div class='ocr_carea' id='block_1_6' title="bbox 242 1601 2023 1819">
    <p class='ocr_par' dir='ltr' id='par_1_7' title="bbox 242 1601 2023 1819">
     <span class='ocr_line' id='line_1_20' title="bbox 245 1601 2019 1682; baseline 0.003 -28"><span class='ocrx_word' id='word_1_150' title='bbox 245 1606 390 1673; x_wconf 86' lang='lat' dir='ltr'><strong>quod</strong></span> <span class='ocrx_word' id='word_1_151' title='bbox 420 1623 481 1657; x_wconf 85' lang='lat' dir='ltr'><strong>ex</strong></span> <span class='ocrx_word' id='word_1_152' title='bbox 518 1618 568 1656; x_wconf 84' lang='lat' dir='ltr'><strong>te</strong></span> <span class='ocrx_word' id='word_1_153' title='bbox 601 1608 787 1656; x_wconf 82' lang='lat' dir='ltr'><strong>audiui</strong></span> <span class='ocrx_word' id='word_1_154' title='bbox 817 1605 970 1675; x_wconf 72' lang='lat' dir='ltr'><strong>ipso?</strong></span> <span class='ocrx_word' id='word_1_155' title='bbox 1008 1635 1078 1644; x_wconf 90' lang='lat'><strong>——</strong></span> <span class='ocrx_word' id='word_1_156' title='bbox 1122 1601 1372 1682; x_wconf 52' lang='lat' dir='ltr'><strong>insanin</strong></span> <span class='ocrx_word' id='word_1_157' title='bbox 1401 1618 1468 1658; x_wconf 80' lang='lat' dir='ltr'><strong>vt</strong></span> <span class='ocrx_word' id='word_1_158' title='bbox 1499 1608 1699 1658; x_wconf 82' lang='lat' dir='ltr'><strong>oblitus</strong></span> <span class='ocrx_word' id='word_1_159' title='bbox 1731 1608 1840 1659; x_wconf 84' lang='lat' dir='ltr'><strong>fui:</strong></span> <span class='ocrx_word' id='word_1_160' title='bbox 1886 1610 2019 1659; x_wconf 79' lang='lat' dir='ltr'><strong>obli·</strong></span> 
     </span>
     <span class='ocr_line' id='line_1_21' title="bbox 242 1670 2019 1751; baseline 0.005 -29"><span class='ocrx_word' id='word_1_161' title='bbox 242 1685 331 1725; x_wconf 86' lang='lat' dir='ltr'><strong>tus</strong></span> <span class='ocrx_word' id='word_1_162' title='bbox 349 1670 492 1750; x_wconf 81' lang='lat' dir='ltr'><strong>sane</strong></span> <span class='ocrx_word' id='word_1_163' title='bbox 528 1676 609 1725; x_wconf 82' lang='lat' dir='ltr'><strong>fui</strong></span> <span class='ocrx_word' id='word_1_164' title='bbox 641 1708 712 1717; x_wconf 90' lang='lat'>—</span> <span class='ocrx_word' id='word_1_165' title='bbox 758 1696 832 1737; x_wconf 86' lang='lat'><strong>¹7·</strong></span> <span class='ocrx_word' id='word_1_166' title='bbox 867 1679 1022 1749; x_wconf 72' lang='lat' dir='ltr'><strong>patri</strong></span> <span class='ocrx_word' id='word_1_167' title='bbox 1046 1670 1325 1751; x_wconf 43' lang='lat' dir='ltr'><strong>szcssginere</strong></span> <span class='ocrx_word' id='word_1_168' title='bbox 1348 1697 1431 1728; x_wconf 82' lang='lat' dir='ltr'><strong>me</strong></span> <span class='ocrx_word' id='word_1_169' title='bbox 1471 1697 1534 1728; x_wconf 83' lang='lat' dir='ltr'><strong>os</strong></span> <span class='ocrx_word' id='word_1_170' title='bbox 1575 1689 1668 1728; x_wconf 81' lang='lat' dir='ltr'><strong>tuo</strong></span> <span class='ocrx_word' id='word_1_171' title='bbox 1697 1695 1784 1727; x_wconf 87' lang='lat' dir='ltr'><strong>me</strong></span> <span class='ocrx_word' id='word_1_172' title='bbox 1815 1692 2019 1748; x_wconf 86' lang='lat' dir='ltr'><strong>patrem</strong></span> 
     </span>
     <span class='ocr_line' id='line_1_22' title="bbox 243 1748 2023 1819; baseline 0.003 -24"><span class='ocrx_word' id='word_1_173' title='bbox 243 1758 418 1796; x_wconf 55' lang='lat' dir='ltr'><strong>tuum‘</strong></span> <span class='ocrx_word' id='word_1_174' title='bbox 448 1748 715 1816; x_wconf 85' lang='lat' dir='ltr'><strong>decipere.</strong></span> <span class='ocrx_word' id='word_1_175' title='bbox 776 1749 885 1798; x_wconf 87' lang='lat' dir='ltr'><strong>vid.</strong></span> <span class='ocrx_word' id='word_1_176' title='bbox 926 1750 1079 1817; x_wconf 82' lang='lat' dir='ltr'><strong>Capt.</strong></span> <span class='ocrx_word' id='word_1_177' title='bbox 1113 1767 1153 1806; x_wconf 71' lang='lat'><strong>3·</strong></span> <span class='ocrx_word' id='word_1_178' title='bbox 1190 1766 1238 1808; x_wconf 82' lang='lat'><strong>4.</strong></span> <span class='ocrx_word' id='word_1_179' title='bbox 1274 1766 1384 1807; x_wconf 74' lang='lat'><strong>¹23·</strong></span> <span class='ocrx_word' id='word_1_180' title='bbox 1437 1779 1508 1788; x_wconf 86' lang='lat'><strong>—-</strong></span> <span class='ocrx_word' id='word_1_181' title='bbox 1580 1755 1655 1819; x_wconf 20' lang='lat'><strong>18..</strong></span> <span class='ocrx_word' id='word_1_182' title='bbox 1693 1752 1786 1818; x_wconf 78' lang='lat' dir='ltr'><strong>qui</strong></span> <span class='ocrx_word' id='word_1_183' title='bbox 1830 1753 2023 1816; x_wconf 82' lang='lat' dir='ltr'><strong>potius</strong></span> 
     </span>
    </p>
   </div>
   <div class='ocr_carea' id='block_1_7' title="bbox 242 1818 2062 3102">
    <p class='ocr_par' dir='ltr' id='par_1_8' title="bbox 242 1818 2062 3102">
     <span class='ocr_line' id='line_1_23' title="bbox 242 1818 2021 1888; baseline 0.003 -21"><span class='ocrx_word' id='word_1_184' title='bbox 242 1818 406 1868; x_wconf 86' lang='lat' dir='ltr'><strong>velim</strong></span> <span class='ocrx_word' id='word_1_185' title='bbox 447 1832 498 1869; x_wconf 91' lang='lat' dir='ltr'><strong>te</strong></span> <span class='ocrx_word' id='word_1_186' title='bbox 536 1821 630 1876; x_wconf 89' lang='lat' dir='ltr'><strong>ire,</strong></span> <span class='ocrx_word' id='word_1_187' title='bbox 668 1838 827 1887; x_wconf 80' lang='lat' dir='ltr'><strong>quam</strong></span> <span class='ocrx_word' id='word_1_188' title='bbox 858 1820 1015 1869; x_wconf 80' lang='lat' dir='ltr'><strong>voles</strong></span> <span class='ocrx_word' id='word_1_189' title='bbox 1051 1835 1162 1868; x_wconf 87' lang='lat' dir='ltr'><strong>non</strong></span> <span class='ocrx_word' id='word_1_190' title='bbox 1201 1820 1295 1876; x_wconf 91' lang='lat' dir='ltr'><strong>ire,</strong></span> <span class='ocrx_word' id='word_1_191' title='bbox 1335 1820 1419 1886; x_wconf 77' lang='lat' dir='ltr'><strong>[ed</strong></span> <span class='ocrx_word' id='word_1_192' title='bbox 1462 1820 1644 1870; x_wconf 89' lang='lat' dir='ltr'><strong>volare</strong></span> <span class='ocrx_word' id='word_1_193' title='bbox 1679 1831 1732 1869; x_wconf 89' lang='lat' dir='ltr'><strong>te</strong></span> <span class='ocrx_word' id='word_1_194' title='bbox 1763 1824 1925 1888; x_wconf 89' lang='lat' dir='ltr'><strong>cupio</strong></span> <span class='ocrx_word' id='word_1_195' title='bbox 1951 1851 2021 1860; x_wconf 90' lang='grc'><strong>-</strong></span> 
     </span>
     <span class='ocr_line' id='line_1_24' title="bbox 254 1890 2019 1960; baseline 0.003 -24"><span class='ocrx_word' id='word_1_196' title='bbox 254 1905 329 1949; x_wconf 81' lang='grc' dir='ltr'><strong>ι9.</strong></span> <span class='ocrx_word' id='word_1_197' title='bbox 384 1908 519 1939; x_wconf 80' lang='lat' dir='ltr'><strong>auro</strong></span> <span class='ocrx_word' id='word_1_198' title='bbox 556 1893 856 1955; x_wconf 78' lang='lat' dir='ltr'><strong>expendas,</strong></span> <span class='ocrx_word' id='word_1_199' title='bbox 902 1905 959 1940; x_wconf 80' lang='lat' dir='ltr'><strong>vt</strong></span> <span class='ocrx_word' id='word_1_200' title='bbox 996 1890 1191 1939; x_wconf 80' lang='lat' dir='ltr'><strong>Bacch.</strong></span> <span class='ocrx_word' id='word_1_201' title='bbox 1219 1910 1264 1940; x_wconf 67' lang='lat'><strong>¹2.</strong></span> <span class='ocrx_word' id='word_1_202' title='bbox 1299 1906 1346 1950; x_wconf 87' lang='lat'><strong>4.</strong></span> <span class='ocrx_word' id='word_1_203' title='bbox 1385 1910 1422 1940; x_wconf 78' lang='grc' dir='ltr'><strong>ι.</strong></span> <span class='ocrx_word' id='word_1_204' title='bbox 1470 1907 1600 1940; x_wconf 85' lang='lat' dir='ltr'><strong>auro</strong></span> <span class='ocrx_word' id='word_1_205' title='bbox 1649 1902 1829 1941; x_wconf 90' lang='lat' dir='ltr'><strong>contra</strong></span> <span class='ocrx_word' id='word_1_206' title='bbox 1886 1909 2019 1960; x_wconf 84' lang='lat' dir='ltr'><strong>pon-</strong></span> 
     </span>
     <span class='ocr_line' id='line_1_25' title="bbox 247 1958 2017 2032; baseline 0.004 -25"><span class='ocrx_word' id='word_1_207' title='bbox 247 1958 414 2010; x_wconf 67' lang='lat' dir='ltr'><strong>deren.</strong></span> <span class='ocrx_word' id='word_1_208' title='bbox 453 1961 595 2011; x_wconf 81' lang='lat' dir='ltr'><strong>Rud.</strong></span> <span class='ocrx_word' id='word_1_209' title='bbox 624 1982 670 2022; x_wconf 85' lang='lat'><strong>4.</strong></span> <span class='ocrx_word' id='word_1_210' title='bbox 697 1982 742 2018; x_wconf 68' lang='lat'><strong>4-</strong></span> <span class='ocrx_word' id='word_1_211' title='bbox 775 1981 853 2021; x_wconf 66' lang='lat'><strong>43.</strong></span> <span class='ocrx_word' id='word_1_212' title='bbox 892 1961 1193 2029; x_wconf 74' lang='lat' dir='ltr'><strong>expendere</strong></span> <span class='ocrx_word' id='word_1_213' title='bbox 1222 1960 1365 2010; x_wconf 88' lang='lat' dir='ltr'><strong>idem</strong></span> <span class='ocrx_word' id='word_1_214' title='bbox 1395 1960 1482 2018; x_wconf 84' lang='lat' dir='ltr'><strong>est,</strong></span> <span class='ocrx_word' id='word_1_215' title='bbox 1521 1962 1669 2031; x_wconf 82' lang='lat' dir='ltr'><strong>quod</strong></span> <span class='ocrx_word' id='word_1_216' title='bbox 1695 1979 2017 2032; x_wconf 67' lang='lat' dir='ltr'><strong>exaequare:</strong></span> 
     </span>
     <span class='ocr_line' id='line_1_26' title="bbox 248 2032 2025 2100; baseline 0.002 -20"><span class='ocrx_word' id='word_1_217' title='bbox 248 2043 437 2080; x_wconf 85' lang='lat' dir='ltr'><strong>aurum</strong></span> <span class='ocrx_word' id='word_1_218' title='bbox 462 2050 592 2083; x_wconf 91' lang='lat' dir='ltr'><strong>auro</strong></span> <span class='ocrx_word' id='word_1_219' title='bbox 621 2032 971 2098; x_wconf 83' lang='lat' dir='ltr'><strong>expendetur,</strong></span> <span class='ocrx_word' id='word_1_220' title='bbox 1004 2044 1285 2100; x_wconf 85' lang='lat' dir='ltr'><strong>argentum</strong></span> <span class='ocrx_word' id='word_1_221' title='bbox 1316 2045 1534 2100; x_wconf 83' lang='lat' dir='ltr'><strong>argento</strong></span> <span class='ocrx_word' id='word_1_222' title='bbox 1562 2035 2025 2100; x_wconf 82' lang='lat' dir='ltr'><strong>exaequabitur—</strong></span> 
     </span>
     <span class='ocr_line' id='line_1_27' title="bbox 253 2100 2021 2176; baseline 0.003 -26"><span class='ocrx_word' id='word_1_223' title='bbox 253 2121 332 2151; x_wconf 87' lang='lat'><strong>22.</strong></span> <span class='ocrx_word' id='word_1_224' title='bbox 369 2104 592 2152; x_wconf 85' lang='lat' dir='ltr'><strong>alterum</strong></span> <span class='ocrx_word' id='word_1_225' title='bbox 636 2105 782 2152; x_wconf 79' lang='lat' dir='ltr'><strong>tanti</strong></span> <span class='ocrx_word' id='word_1_226' title='bbox 823 2100 1094 2168; x_wconf 55' lang='grc' dir='ltr'><em>πλεονάζει</em></span> <span class='ocrx_word' id='word_1_227' title='bbox 1123 2131 1204 2141; x_wconf 63' lang='lat'><strong>&gt;---</strong></span> <span class='ocrx_word' id='word_1_228' title='bbox 1265 2120 1342 2163; x_wconf 81' lang='grc' dir='ltr'><strong>ις.</strong></span> <span class='ocrx_word' id='word_1_229' title='bbox 1385 2104 1600 2171; x_wconf 73' lang='lat' dir='ltr'><strong>aliquid</strong></span> <span class='ocrx_word' id='word_1_230' title='bbox 1634 2103 1745 2176; x_wconf 79' lang='lat' dir='ltr'><strong>fiet</strong></span> <span class='ocrx_word' id='word_1_231' title='bbox 1797 2105 1853 2154; x_wconf 90' lang='lat' dir='ltr'><strong>in</strong></span> <span class='ocrx_word' id='word_1_232' title='bbox 1899 2106 2021 2156; x_wconf 84' lang='lat' dir='ltr'><strong>casu</strong></span> 
     </span>
     <span class='ocr_line' id='line_1_28' title="bbox 248 2171 2024 2242; baseline 0.002 -20"><span class='ocrx_word' id='word_1_233' title='bbox 248 2173 428 2241; x_wconf 91' lang='lat' dir='ltr'><strong>aliquo</strong></span> <span class='ocrx_word' id='word_1_234' title='bbox 458 2172 606 2241; x_wconf 85' lang='lat' dir='ltr'><strong>spem</strong></span> <span class='ocrx_word' id='word_1_235' title='bbox 635 2185 791 2241; x_wconf 80' lang='lat' dir='ltr'><strong>putat</strong></span> <span class='ocrx_word' id='word_1_236' title='bbox 817 2172 1146 2242; x_wconf 85' lang='lat' dir='ltr'><strong>ponendam,</strong></span> <span class='ocrx_word' id='word_1_237' title='bbox 1189 2174 1284 2239; x_wconf 89' lang='lat' dir='ltr'><strong>qui</strong></span> <span class='ocrx_word' id='word_1_238' title='bbox 1318 2171 1469 2241; x_wconf 85' lang='lat' dir='ltr'><strong>saepe</strong></span> <span class='ocrx_word' id='word_1_239' title='bbox 1500 2175 1555 2223; x_wconf 90' lang='lat' dir='ltr'><strong>in</strong></span> <span class='ocrx_word' id='word_1_240' title='bbox 1584 2176 1743 2224; x_wconf 83' lang='lat' dir='ltr'><strong>rebus</strong></span> <span class='ocrx_word' id='word_1_241' title='bbox 1771 2176 2024 2226; x_wconf 80' lang='lat' dir='ltr'><strong>humanis</strong></span> 
     </span>
     <span class='ocr_line' id='line_1_29' title="bbox 247 2243 2026 2317; baseline 0.004 -26"><span class='ocrx_word' id='word_1_242' title='bbox 247 2244 367 2314; x_wconf 86' lang='lat' dir='ltr'><strong>plus</strong></span> <span class='ocrx_word' id='word_1_243' title='bbox 392 2245 549 2299; x_wconf 82' lang='lat' dir='ltr'><strong>valet,</strong></span> <span class='ocrx_word' id='word_1_244' title='bbox 590 2261 753 2312; x_wconf 84' lang='lat' dir='ltr'><strong>quam</strong></span> <span class='ocrx_word' id='word_1_245' title='bbox 782 2246 937 2295; x_wconf 85' lang='lat' dir='ltr'><strong>ratio.</strong></span> <span class='ocrx_word' id='word_1_246' title='bbox 980 2245 1106 2293; x_wconf 89' lang='lat' dir='ltr'><strong>Ter.</strong></span> <span class='ocrx_word' id='word_1_247' title='bbox 1127 2243 1288 2293; x_wconf 86' lang='lat' dir='ltr'><strong>Andr.</strong></span> <span class='ocrx_word' id='word_1_248' title='bbox 1314 2262 1357 2294; x_wconf 86' lang='lat'><strong>2.</strong></span> <span class='ocrx_word' id='word_1_249' title='bbox 1388 2263 1430 2303; x_wconf 74' lang='lat'><strong>3.</strong></span> <span class='ocrx_word' id='word_1_250' title='bbox 1462 2263 1539 2303; x_wconf 68' lang='lat'><strong>²4·</strong></span> <span class='ocrx_word' id='word_1_251' title='bbox 1580 2246 1783 2295; x_wconf 79' lang='lat' dir='ltr'><strong>interea</strong></span> <span class='ocrx_word' id='word_1_252' title='bbox 1808 2248 2026 2317; x_wconf 77' lang='lat' dir='ltr'><strong>aliquid</strong></span> 
     </span>
     <span class='ocr_line' id='line_1_30' title="bbox 251 2312 2026 2387; baseline 0.001 -24"><span class='ocrx_word' id='word_1_253' title='bbox 251 2315 523 2365; x_wconf 77' lang='lat' dir='ltr'><strong>adciderit</strong></span> <span class='ocrx_word' id='word_1_254' title='bbox 555 2316 770 2365; x_wconf 82' lang='lat' dir='ltr'><strong>boni—</strong></span> <span class='ocrx_word' id='word_1_255' title='bbox 815 2318 894 2366; x_wconf 76' lang='lat'><strong>26.</strong></span> <span class='ocrx_word' id='word_1_256' title='bbox 931 2317 1038 2365; x_wconf 83' lang='lat' dir='ltr'><strong>iam</strong></span> <span class='ocrx_word' id='word_1_257' title='bbox 1071 2312 1235 2387; x_wconf 72' lang='lat' dir='ltr'><strong>ssuc&#39;:</strong></span> <span class='ocrx_word' id='word_1_258' title='bbox 1274 2315 1487 2384; x_wconf 76' lang='lat' dir='ltr'><strong>aliquid</strong></span> <span class='ocrx_word' id='word_1_259' title='bbox 1543 2315 1646 2366; x_wconf 78' lang='lat' dir='ltr'><strong>zet!</strong></span> <span class='ocrx_word' id='word_1_260' title='bbox 1686 2327 1879 2368; x_wconf 81' lang='lat' dir='ltr'><strong>metuo.</strong></span> <span class='ocrx_word' id='word_1_261' title='bbox 1937 2319 2026 2375; x_wconf 84' lang='lat' dir='ltr'><strong>Sic</strong></span> 
     </span>
     <span class='ocr_line' id='line_1_31' title="bbox 249 2385 2028 2462; baseline 0.002 -27"><span class='ocrx_word' id='word_1_262' title='bbox 249 2386 372 2435; x_wconf 87' lang='lat' dir='ltr'><strong>Ter.</strong></span> <span class='ocrx_word' id='word_1_263' title='bbox 404 2386 568 2436; x_wconf 87' lang='lat' dir='ltr'><strong>Andr.</strong></span> <span class='ocrx_word' id='word_1_264' title='bbox 607 2400 649 2436; x_wconf 79' lang='lat'><strong>2.</strong></span> <span class='ocrx_word' id='word_1_265' title='bbox 690 2403 729 2436; x_wconf 72' lang='grc' dir='ltr'><strong>ι.</strong></span> <span class='ocrx_word' id='word_1_266' title='bbox 762 2403 837 2438; x_wconf 75' lang='grc' dir='ltr'><strong>ις.</strong></span> <span class='ocrx_word' id='word_1_267' title='bbox 884 2404 1055 2456; x_wconf 88' lang='lat' dir='ltr'><strong>quum</strong></span> <span class='ocrx_word' id='word_1_268' title='bbox 1085 2385 1348 2435; x_wconf 81' lang='lat' dir='ltr'><strong>Charinus</strong></span> <span class='ocrx_word' id='word_1_269' title='bbox 1390 2386 1501 2435; x_wconf 83' lang='lat' dir='ltr'><strong>dixi</strong></span> <span class='ocrx_word' id='word_1_270' title='bbox 1545 2398 1623 2436; x_wconf 86' lang='lat' dir='ltr'><strong>et:</strong></span> <span class='ocrx_word' id='word_1_271' title='bbox 1686 2389 1894 2439; x_wconf 84' lang='lat' dir='ltr'><strong>interea</strong></span> <span class='ocrx_word' id='word_1_272' title='bbox 1918 2388 2028 2462; x_wconf 83' lang='lat' dir='ltr'><strong>fiet</strong></span> 
     </span>
     <span class='ocr_line' id='line_1_32' title="bbox 248 2450 2027 2532; baseline 0.001 -26"><span class='ocrx_word' id='word_1_273' title='bbox 248 2457 491 2526; x_wconf 82' lang='lat' dir='ltr'><strong>aliquid,</strong></span> <span class='ocrx_word' id='word_1_274' title='bbox 523 2450 732 2530; x_wconf 73' lang='lat' dir='ltr'><strong>spero!</strong></span> <span class='ocrx_word' id='word_1_275' title='bbox 787 2458 1017 2521; x_wconf 85' lang='lat' dir='ltr'><strong>Byrrhia</strong></span> <span class='ocrx_word' id='word_1_276' title='bbox 1060 2454 1375 2524; x_wconf 81' lang='lat' dir='ltr'><strong>respondet:</strong></span> <span class='ocrx_word' id='word_1_277' title='bbox 1433 2459 1492 2507; x_wconf 82' lang='lat' dir='ltr'><strong>id</strong></span> <span class='ocrx_word' id='word_1_278' title='bbox 1524 2458 1735 2525; x_wconf 81' lang='lat' dir='ltr'><strong>aliquid</strong></span> <span class='ocrx_word' id='word_1_279' title='bbox 1777 2460 1915 2510; x_wconf 72' lang='lat' dir='ltr'><strong>nihil</strong></span> <span class='ocrx_word' id='word_1_280' title='bbox 1954 2458 2027 2532; x_wconf 71' lang='lat' dir='ltr'><strong>⁶st</strong></span> 
     </span>
     <span class='ocr_line' id='line_1_33' title="bbox 250 2525 2026 2598; baseline 0.002 -21"><span class='ocrx_word' id='word_1_281' title='bbox 250 2529 348 2579; x_wconf 61' lang='lat' dir='ltr'><strong>i.›e.</strong></span> <span class='ocrx_word' id='word_1_282' title='bbox 386 2525 713 2577; x_wconf 82' lang='lat' dir='ltr'><strong>fallacissima</strong></span> <span class='ocrx_word' id='word_1_283' title='bbox 748 2526 880 2578; x_wconf 85' lang='lat' dir='ltr'><strong>solet</strong></span> <span class='ocrx_word' id='word_1_284' title='bbox 911 2527 1010 2578; x_wconf 75' lang='lat' dir='ltr'><strong>else</strong></span> <span class='ocrx_word' id='word_1_285' title='bbox 1041 2527 1172 2593; x_wconf 49' lang='lat' dir='ltr'><strong>spem</strong></span> <span class='ocrx_word' id='word_1_286' title='bbox 1216 2529 1274 2586; x_wconf 86' lang='lat' dir='ltr'><strong>in</strong></span> <span class='ocrx_word' id='word_1_287' title='bbox 1312 2525 1436 2578; x_wconf 85' lang='lat' dir='ltr'><strong>casu</strong></span> <span class='ocrx_word' id='word_1_288' title='bbox 1467 2529 1631 2598; x_wconf 83' lang='lat' dir='ltr'><strong>pofita</strong></span> <span class='ocrx_word' id='word_1_289' title='bbox 1662 2558 1734 2568; x_wconf 91' lang='lat'><strong>--</strong></span> <span class='ocrx_word' id='word_1_290' title='bbox 1775 2535 1851 2580; x_wconf 86' lang='lat'><strong>26.</strong></span> <span class='ocrx_word' id='word_1_291' title='bbox 1880 2541 2026 2581; x_wconf 78' lang='lat' dir='ltr'><strong>muco</strong></span> 
     </span>
     <span class='ocr_line' id='line_1_34' title="bbox 250 2598 2027 2667; baseline 0.003 -19"><span class='ocrx_word' id='word_1_292' title='bbox 250 2600 486 2665; x_wconf 81' lang='lat' dir='ltr'><strong>imperas</strong></span> <span class='ocrx_word' id='word_1_293' title='bbox 529 2613 593 2647; x_wconf 86' lang='lat' dir='ltr'><strong>ex</strong></span> <span class='ocrx_word' id='word_1_294' title='bbox 626 2600 724 2652; x_wconf 91' lang='lat' dir='ltr'><strong>iis,</strong></span> <span class='ocrx_word' id='word_1_295' title='bbox 779 2614 917 2667; x_wconf 90' lang='lat' dir='ltr'><strong>quae</strong></span> <span class='ocrx_word' id='word_1_296' title='bbox 954 2599 1231 2663; x_wconf 75' lang='lat' dir='ltr'><strong>Eutychus</strong></span> <span class='ocrx_word' id='word_1_297' title='bbox 1267 2616 1318 2649; x_wconf 86' lang='lat' dir='ltr'><strong>v.</strong></span> <span class='ocrx_word' id='word_1_298' title='bbox 1344 2615 1423 2657; x_wconf 87' lang='lat'><strong>27·</strong></span> <span class='ocrx_word' id='word_1_299' title='bbox 1468 2598 1628 2650; x_wconf 87' lang='lat' dir='ltr'><strong>dicit:</strong></span> <span class='ocrx_word' id='word_1_300' title='bbox 1684 2601 1839 2651; x_wconf 78' lang='lat' dir='ltr'><strong>aliud</strong></span> <span class='ocrx_word' id='word_1_301' title='bbox 1874 2619 2027 2653; x_wconf 83' lang='lat' dir='ltr'><strong>cures</strong></span> 
     </span>
     <span class='ocr_line' id='line_1_35' title="bbox 252 2663 2062 2740; baseline 0.002 -20"><span class='ocrx_word' id='word_1_302' title='bbox 252 2681 307 2720; x_wconf 89' lang='lat' dir='ltr'><strong>et</strong></span> <span class='ocrx_word' id='word_1_303' title='bbox 347 2687 401 2720; x_wconf 76' lang='lat' dir='ltr'><strong>v,</strong></span> <span class='ocrx_word' id='word_1_304' title='bbox 425 2685 503 2730; x_wconf 88' lang='lat'><strong>²9·</strong></span> <span class='ocrx_word' id='word_1_305' title='bbox 541 2687 639 2735; x_wconf 81' lang='lat' dir='ltr'><strong>ego</strong></span> <span class='ocrx_word' id='word_1_306' title='bbox 667 2663 855 2740; x_wconf 78' lang='lat' dir='ltr'><strong>fecero</strong></span> <span class='ocrx_word' id='word_1_307' title='bbox 897 2683 949 2719; x_wconf 92' lang='lat' dir='ltr'><strong>et</strong></span> <span class='ocrx_word' id='word_1_308' title='bbox 983 2685 1118 2738; x_wconf 84' lang='lat' dir='ltr'><strong>quae</strong></span> <span class='ocrx_word' id='word_1_309' title='bbox 1158 2669 1272 2719; x_wconf 87' lang='lat' dir='ltr'><strong>Act.</strong></span> <span class='ocrx_word' id='word_1_310' title='bbox 1303 2687 1347 2726; x_wconf 75' lang='lat'><strong>3·</strong></span> <span class='ocrx_word' id='word_1_311' title='bbox 1390 2668 1456 2720; x_wconf 83' lang='lat' dir='ltr'><strong>[c.</strong></span> <span class='ocrx_word' id='word_1_312' title='bbox 1475 2686 1523 2732; x_wconf 84' lang='lat'><strong>4.</strong></span> <span class='ocrx_word' id='word_1_313' title='bbox 1564 2682 1768 2728; x_wconf 83' lang='lat' dir='ltr'><strong>narrat,</strong></span> <span class='ocrx_word' id='word_1_314' title='bbox 1804 2668 2027 2733; x_wconf 76' lang='lat' dir='ltr'><strong>voluiss’e</strong></span> <span class='ocrx_word' id='word_1_315' title='bbox 2060 2710 2062 2714; x_wconf 31' lang='lat' dir='ltr'>v</span> 
     </span>
     <span class='ocr_line' id='line_1_36' title="bbox 252 2733 2028 2808; baseline 0.003 -20"><span class='ocrx_word' id='word_1_316' title='bbox 252 2757 378 2790; x_wconf 87' lang='lat' dir='ltr'><strong>eum</strong></span> <span class='ocrx_word' id='word_1_317' title='bbox 415 2753 556 2790; x_wconf 88' lang='lat' dir='ltr'><strong>certe</strong></span> <span class='ocrx_word' id='word_1_318' title='bbox 582 2733 803 2806; x_wconf 65' lang='lat' dir='ltr'><strong>gratum</strong></span> <span class='ocrx_word' id='word_1_319' title='bbox 833 2741 1010 2791; x_wconf 81' lang='lat' dir='ltr'><strong>amico</strong></span> <span class='ocrx_word' id='word_1_320' title='bbox 1048 2739 1222 2790; x_wconf 87' lang='lat' dir='ltr'><strong>facere</strong></span> <span class='ocrx_word' id='word_1_321' title='bbox 1259 2740 1495 2807; x_wconf 85' lang='lat' dir='ltr'><strong>adparet.</strong></span> <span class='ocrx_word' id='word_1_322' title='bbox 1569 2741 1751 2808; x_wconf 84' lang='lat' dir='ltr'><strong>Quare</strong></span> <span class='ocrx_word' id='word_1_323' title='bbox 1783 2743 1841 2793; x_wconf 65' lang='lat' dir='ltr'><strong>ro*</strong></span> <span class='ocrx_word' id='word_1_324' title='bbox 1883 2753 2028 2793; x_wconf 83' lang='lat' dir='ltr'><strong>muto</strong></span> 
     </span>
     <span class='ocr_line' id='line_1_37' title="bbox 253 2806 2036 2877; baseline 0.002 -17"><span class='ocrx_word' id='word_1_325' title='bbox 253 2813 487 2875; x_wconf 84' lang='lat' dir='ltr'><strong>imperas</strong></span> <span class='ocrx_word' id='word_1_326' title='bbox 531 2808 628 2859; x_wconf 87' lang='lat' dir='ltr'><strong>est:</strong></span> <span class='ocrx_word' id='word_1_327' title='bbox 684 2812 810 2860; x_wconf 88' lang='lat' dir='ltr'><strong>licet</strong></span> <span class='ocrx_word' id='word_1_328' title='bbox 859 2806 1088 2867; x_wconf 76' lang='lat' dir='ltr'><strong>taceam,</strong></span> <span class='ocrx_word' id='word_1_329' title='bbox 1138 2811 1430 2877; x_wconf 84' lang='lat' dir='ltr'><strong>imperium</strong></span> <span class='ocrx_word' id='word_1_330' title='bbox 1473 2824 1654 2862; x_wconf 88' lang='lat' dir='ltr'><strong>tamen</strong></span> <span class='ocrx_word' id='word_1_331' title='bbox 1700 2825 1854 2863; x_wconf 89' lang='lat' dir='ltr'><strong>tuum</strong></span> <span class='ocrx_word' id='word_1_332' title='bbox 1891 2812 2036 2864; x_wconf 85' lang='lat' dir='ltr'><strong>exse-&#39;</strong></span> 
     </span>
     <span class='ocr_line' id='line_1_38' title="bbox 253 2877 2030 2949; baseline 0.002 -20"><span class='ocrx_word' id='word_1_333' title='bbox 253 2897 385 2949; x_wconf 86' lang='lat' dir='ltr'><strong>quar</strong></span> <span class='ocrx_word' id='word_1_334' title='bbox 417 2909 489 2920; x_wconf 86' lang='lat'><strong>--</strong></span> <span class='ocrx_word' id='word_1_335' title='bbox 545 2898 624 2942; x_wconf 90' lang='lat'><strong>27.</strong></span> <span class='ocrx_word' id='word_1_336' title='bbox 654 2882 809 2932; x_wconf 70' lang='lat' dir='ltr'><strong>aliud</strong></span> <span class='ocrx_word' id='word_1_337' title='bbox 850 2900 1000 2931; x_wconf 79' lang='lat' dir='ltr'><strong>cures</strong></span> <span class='ocrx_word' id='word_1_338' title='bbox 1042 2880 1162 2932; x_wconf 80' lang='lat' dir='ltr'><strong>l&#39;atis</strong></span> <span class='ocrx_word' id='word_1_339' title='bbox 1213 2881 1527 2932; x_wconf 86' lang='lat' dir='ltr'><strong>mandatum</strong></span> <span class='ocrx_word' id='word_1_340' title='bbox 1573 2877 1670 2940; x_wconf 85' lang='lat' dir='ltr'><strong>est,</strong></span> <span class='ocrx_word' id='word_1_341' title='bbox 1731 2899 1832 2932; x_wconf 92' lang='lat' dir='ltr'><strong>nec</strong></span> <span class='ocrx_word' id='word_1_342' title='bbox 1869 2901 1894 2933; x_wconf 89' lang='lat' dir='ltr'><strong>a</strong></span> <span class='ocrx_word' id='word_1_343' title='bbox 1940 2901 2030 2934; x_wconf 83' lang='lat' dir='ltr'><strong>me</strong></span> 
     </span>
     <span class='ocr_line' id='line_1_39' title="bbox 251 2949 2030 3024; baseline 0.003 -24"><span class='ocrx_word' id='word_1_344' title='bbox 251 2953 554 3020; x_wconf 84' lang='lat' dir='ltr'><strong>negligetur</strong></span> <span class='ocrx_word' id='word_1_345' title='bbox 585 2979 656 2991; x_wconf 89' lang='lat'><strong>--</strong></span> <span class='ocrx_word' id='word_1_346' title='bbox 695 2970 803 3002; x_wconf 86' lang='lat' dir='ltr'><strong>non</strong></span> <span class='ocrx_word' id='word_1_347' title='bbox 847 2951 1026 3024; x_wconf 68' lang='lat' dir='ltr'><strong>potest</strong></span> <span class='ocrx_word' id='word_1_348' title='bbox 1071 2949 1215 3007; x_wconf 81' lang='lat' dir='ltr'><strong>fieri,</strong></span> <span class='ocrx_word' id='word_1_349' title='bbox 1270 2963 1329 3001; x_wconf 89' lang='lat' dir='ltr'><strong>vt</strong></span> <span class='ocrx_word' id='word_1_350' title='bbox 1367 2952 1507 3003; x_wconf 87' lang='lat' dir='ltr'><strong>hanc</strong></span> <span class='ocrx_word' id='word_1_351' title='bbox 1552 2970 1650 3022; x_wconf 88' lang='lat' dir='ltr'><strong>ego</strong></span> <span class='ocrx_word' id='word_1_352' title='bbox 1693 2970 1805 3002; x_wconf 89' lang='lat' dir='ltr'><strong>rem</strong></span> <span class='ocrx_word' id='word_1_353' title='bbox 1844 2971 2030 3005; x_wconf 86' lang='lat' dir='ltr'><strong>curare</strong></span> 
     </span>
     <span class='ocr_line' id='line_1_40' title="bbox 254 3018 1889 3102; baseline 0.001 -28"><span class='ocrx_word' id='word_1_354' title='bbox 254 3023 487 3074; x_wconf 75' lang='lat' dir='ltr'><strong>defluam</strong></span> <span class='ocrx_word' id='word_1_355' title='bbox 518 3050 590 3062; x_wconf 90' lang='lat'><em>-</em></span> <span class='ocrx_word' id='word_1_356' title='bbox 643 3037 722 3085; x_wconf 81' lang='lat'><strong>²9·</strong></span> <span class='ocrx_word' id='word_1_357' title='bbox 757 3024 946 3074; x_wconf 78' lang='lat' dir='ltr'><strong>melius</strong></span> <span class='ocrx_word' id='word_1_358' title='bbox 980 3023 1081 3074; x_wconf 84' lang='lat' dir='ltr'><strong>tibi</strong></span> <span class='ocrx_word' id='word_1_359' title='bbox 1119 3020 1481 3082; x_wconf 48' lang='lat' dir='ltr'><strong>consuluerim</strong></span> <span class='ocrx_word' id='word_1_360' title='bbox 1529 3024 1563 3072; x_wconf 82' lang='lat' dir='ltr'><strong>fi</strong></span> <span class='ocrx_word' id='word_1_361' title='bbox 1584 3018 1763 3102; x_wconf 83' lang='lat' dir='ltr'><strong>sanus</strong></span> <span class='ocrx_word' id='word_1_362' title='bbox 1782 3022 1889 3099; x_wconf 82' lang='lat' dir='ltr'><strong>fis.</strong></span> 
     </span>
    </p>
   </div>
   <div class='ocr_carea' id='block_1_8' title="bbox 596 3134 1682 3215">
    <p class='ocr_par' dir='ltr' id='par_1_9' title="bbox 596 3134 1682 3215">
     <span class='ocr_line' id='line_1_41' title="bbox 596 3134 1682 3215; baseline 0.003 -4"><span class='ocrx_word' id='word_1_363' title='bbox 596 3134 684 3215; x_wconf 70' lang='lat' dir='ltr'><strong>1&#39;N</strong></span> <span class='ocrx_word' id='word_1_364' title='bbox 738 3162 1011 3214; x_wconf 77' lang='lat' dir='ltr'><strong>Achs</strong></span> <span class='ocrx_word' id='word_1_365' title='bbox 1063 3164 1170 3214; x_wconf 79' lang='grc' dir='ltr'><strong>ιιι.</strong></span> <span class='ocrx_word' id='word_1_366' title='bbox 1245 3162 1591 3214; x_wconf 75' lang='lat' dir='ltr'><strong>scENAM</strong></span> <span class='ocrx_word' id='word_1_367' title='bbox 1645 3165 1682 3214; x_wconf 78' lang='grc' dir='ltr'><strong>ι.</strong></span> 
     </span>
    </p>
   </div>
   <div class='ocr_carea' id='block_1_9' title="bbox 262 3229 2109 3381">
    <p class='ocr_par' dir='ltr' id='par_1_10' title="bbox 262 3229 2109 3381">
     <span class='ocr_line' id='line_1_42' title="bbox 359 3229 2109 3310; baseline 0.001 -29"><span class='ocrx_word' id='word_1_368' title='bbox 359 3247 408 3297; x_wconf 91' lang='grc'><strong>9.</strong></span> <span class='ocrx_word' id='word_1_369' title='bbox 436 3230 659 3283; x_wconf 84' lang='lat' dir='ltr'><strong>Aldina:</strong></span> <span class='ocrx_word' id='word_1_370' title='bbox 701 3229 1371 3304; x_wconf 66' lang='lat' dir='ltr'><strong>laboricfi;‘Camerarius</strong></span> <span class='ocrx_word' id='word_1_371' title='bbox 1401 3233 1630 3295; x_wconf 81' lang='lat' dir='ltr'><strong>restituit</strong></span> <span class='ocrx_word' id='word_1_372' title='bbox 1668 3229 1935 3310; x_wconf 71' lang='lat' dir='ltr'><strong>laboriose</strong></span> <span class='ocrx_word' id='word_1_373' title='bbox 1958 3263 2029 3275; x_wconf 63' lang='grc' dir='ltr'><strong>-ο</strong></span> <span class='ocrx_word' id='word_1_374' title='bbox 2104 3270 2109 3273; x_wconf 87' lang='grc'><strong>-</strong></span> 
     </span>
     <span class='ocr_line' id='line_1_43' title="bbox 262 3301 2098 3381; baseline 0.002 -29"><span class='ocrx_word' id='word_1_375' title='bbox 262 3319 339 3363; x_wconf 85' lang='lat'><strong>13.</strong></span> <span class='ocrx_word' id='word_1_376' title='bbox 377 3303 539 3355; x_wconf 78' lang='lat' dir='ltr'><strong>malis</strong></span> <span class='ocrx_word' id='word_1_377' title='bbox 577 3304 706 3356; x_wconf 79' lang='lat' dir='ltr'><strong>bene</strong></span> <span class='ocrx_word' id='word_1_378' title='bbox 744 3301 844 3379; x_wconf 62' lang='lat' dir='ltr'><strong>effe</strong></span> <span class='ocrx_word' id='word_1_379' title='bbox 869 3306 1098 3381; x_wconf 63' lang='lat' dir='ltr'><strong>solitum</strong></span> <span class='ocrx_word' id='word_1_380' title='bbox 1140 3304 1212 3381; x_wconf 71' lang='lat' dir='ltr'><strong>est</strong></span> <span class='ocrx_word' id='word_1_381' title='bbox 1248 3307 1418 3356; x_wconf 82' lang='lat' dir='ltr'><strong>malae</strong></span> <span class='ocrx_word' id='word_1_382' title='bbox 1451 3307 1708 3357; x_wconf 78' lang='lat' dir='ltr'><strong>mulieres</strong></span> <span class='ocrx_word' id='word_1_383' title='bbox 1742 3307 1877 3363; x_wconf 79' lang='lat' dir='ltr'><strong>bene</strong></span> <span class='ocrx_word' id='word_1_384' title='bbox 1913 3323 2028 3357; x_wconf 84' lang='lat' dir='ltr'><strong>rem</strong></span> <span class='ocrx_word' id='word_1_385' title='bbox 2090 3302 2098 3313; x_wconf 82' lang='grc'><em>“</em></span> 
     </span>
    </p>
   </div>
  </div>
 </body>
</html>
