2144 3554
608 132 816 218 servs
858 142 945 218 VJ
999 149 1263 217 seruam
1308 156 1382 218 11.
1778 170 1891 227 241

91 293 448 376 Rufi-'‘²³2⁴-
489 305 751 379 equidem
786 322 879 357 me
927 303 994 357 ad
1035 299 1415 359 velitationem
1455 322 1714 367 exerce0‚
1767 321 1897 358 nam

99 385 288 437 omnia
325 374 700 449 eorusea'prae
731 390 961 428 tremore
998 375 1213 432 fabulor
1246 406 1319 419 —-
1358 396 1436 442 ²9·
1467 379 1620 447 logos
1650 378 1895 430 Noniusz

101 456 374 508 sermones
412 465 478 504 eta
507 450 650 502 dicta
683 448 914 500 ridicula
962 461 1016 499 et
1061 448 1479 503 contemnenda.
1561 450 1731 519 -Apud
1769 451 1897 502 Ter.

99 527 320 581 Phorm.
348 542 391 584 ς.
424 542 467 581 ς.
494 515 542 574 8'.
588 523 707 589 legi
748 518 874 571 sunt
912 538 1121 591 nugae,
1176 522 1427 593 promissa
1476 522 1679 571 inania.
1773 522 1901 573 Hoc

98 598 278 651 Plauti
315 596 435 645 loco
471 593 744 644 adiectum
785 592 986 659 longos
1018 594 1256 664 explicat
1292 590 1453 660 logos
1490 592 1591 644 effe
1626 592 1898 712 ambages,

100 668 299 748 quibus
338 661 540 718 omiffis
579 665 735 714 senex
780 681 895 714 rem
950 664 1152 733 ipsam,
1203 681 1369 735 quam
1405 659 1737 733 pauciffimis
1820 665 1899 714 eri

99 734 287 811 possit,
327 736 507 787 verbis
538 733 845 805 expeditam
872 738 1026 804 cupit
1063 763 1135 775 -—
1175 755 1256 798 30.
1297 746 1354 786 te
1386 728 1609 813 absoluo
1643 750 1756 786 vno
1789 735 1895 785 tibi

101 811 266 863 verbo
301 807 426 859 dico
450 821 527 846 -'
564 826 644 868 Μ.
674 816 861 857 neuter
892 824 1072 878 neque
1098 818 1176 865 tu,
1211 823 1391 877 neque
1422 808 1648 858 maritus
1677 818 1803 858 tuus
1827 833 1900 845 -—·

103 897 186 944 37.
225 875 324 953 ng‘fi
351 896 455 930 non
494 878 584 930 vis
618 878 764 946 plura
792 879 989 928 mulier
1017 878 1287 932 adiectum
1324 876 1423 937 est,
1472 874 1682 930 forsan:
1728 877 1897 930 filiani

97 942 249 1004 tuam
285 950 663 1002 meretricibus
687 948 1019 1019 posthaberi,
1062 949 1381 1021 despoliari3
1419 946 1507 1000 sed
1544 948 1704 1001 senex
1734 951 1899 1000 inter·

98 1026 265 1093 pellat
298 1047 370 1060 —-·
418 1015 848 1097 39⁴sa²²1⁶saplt
886 1037 997 1070 non
1039 1022 1320 1090 inprobat,
1377 1020 1526 1092 quod
1569 1019 1745 1071 forsan
1786 1019 1898 1091 ipse

99 1096 236 1148 olim
276 1090 433 1152 fecit,
536 1097 671 1143 iures
732 1105 873 1143 certe
927 1093 1208 1144 iuniorum
1250 1090 1549 1154 faciebant3
1606 1091 1694 1144 seu
1749 1092 1898 1141 idem

100 1164 261 1217 seruit
287 1182 412 1215 cum
511 1164 693 1215 icione
713 1163 1044 1213 Terentiano
1070 1164 1170 1215 Ad.
1199 1183 1239 1215 1.
1264 1182 1355 1227 3.4
1375 1161 1485 1234 sqq.
1520 1180 1692 1234 quum
1723 1166 1897 1232 plaCO,

100 1234 352 1288 aduersor
393 1232 602 1292 sedulo,
653 1248 715 1284 ac
753 1230 1000 1287 deterreo
1048 1271 1060 1285 .
1088 1271 1100 1285 .
1128 1273 1141 1286 .
1197 1235 1230 1284 si
1282 1250 1543 1305 augeam,
1594 1250 1686 1286 aut
1732 1237 1900 1284 etiam

100 1306 316 1371 adiutor
341 1306 432 1356 sun
460 1308 578 1374 eius
605 1303 934 1365 iracundiae,
975 1303 1238 1357 insaniam
1266 1306 1512 1376 profecto
1546 1323 1674 1357 cum
1704 1305 1798 1357 illo
1828 1333 1900 1346 —-

99 1396 184 1443 40.
210 1372 369 1452 faxo
405 1377 615 1428 amabit
652 1375 766 1429 fore
815 1377 1097 1446 praedico,
1143 1391 1203 1430 vt
1237 1389 1381 1428 amet
1417 1404 1491 1416 —
1525 1377 1590 1429 ob
1638 1380 1782 1428 Itane
1818 1380 1898 1428 in·

99 1450 363 1525 duslfic'zm
395 1454 575 1508 tuam,
616 1448 765 1518 quod
791 1465 917 1498 eum
947 1447 1224 1507 obseruas,
1262 1466 1374 1520 quo
1404 1460 1519 1509 eat,
1556 1450 1688 1520 quid
1716 1465 1899 1500 rerum

96 1536 244 1592 gerat
274 1547 347 1560 -—-
386 1538 470 1589 4·-
501 1539 584 1581 4²·
617 1530 717 1570 tua
741 1519 955 1584 quidem
997 1534 1099 1572 etc.
1133 1522 1263 1571 odio
1296 1534 1393 1574 tuo
1428 1536 1458 1571 a
1492 1522 1733 1589 potando
1770 1538 1899 1572 eum

97 1608 212 1643 nou
249 1588 504 1643 auioeabis
548 1617 616 1630 --
667 1581 757 1651 4«)
789 1610 899 1641 vna
943 1610 1113 1658 opera
1155 1590 1402 1666 postules
1439 1593 1577 1652 hoc,
1630 1594 1665 1643 si
1705 1603 1895 1662 potare

98 1682 228 1716 eum
264 1671 442 1720 vetas,
485 1662 631 1712 idem
661 1659 760 1720 est,
804 1680 864 1713 ac
887 1663 937 1711 .s1
972 1662 1235 1732 postules,
1273 1682 1401 1715 eum
1436 1680 1539 1715 nee
1566 1661 1634 1714 ad
1668 1678 1901 1715 coenam

98 1736 197 1785 ire*
224 1732 494 1792 adalios,
536 1749 637 1784 nec
679 1751 772 1786 eos
818 1734 970 1784 domi
1013 1734 1136 1786 suae
1180 1736 1432 1805 adcipere
1470 1762 1542 1774 —-
1589 1740 1676 1800 46.
1710 1736 1898 1786 lanam

98 1815 287 1858 carere
323 1821 351 1855 a
389 1809 567 1871 κείρειν
596 1805 852 1863 tondere,
901 1808 936 1855 i.
960 1825 1012 1876 q.
1051 1810 1385 1869 carminare;
1420 1805 1565 1857 vnde
1597 1819 1651 1859 et
1681 1825 1899 1857 carmen
1933 1833 1939 1839 ·

97 1875 512 1929 instrumentum
551 1875 617 1926 ad
653 1876 940 1928 carentiam
976 1880 1169 1929 lanam.
1242 1878 1350 1930 Pro
1390 1896 1575 1929 carere
1606 1879 1806 1948 legitur
1846 1890 1902 1930 et

97 1965 324 2017 carpere
357 1935 550 2001 --*<=.
581 1949 870 2015 praehibet
903 1951 936 2000 i.
956 1969 1007 2020 q.
1041 1951 1257 2018 praebet
1292 1977 1365 1990 -—
1414 1966 1491 2013 «9.
1533 1951 1633 2001 abs
1657 1961 1714 2000 te
1739 1949 1899 2026 desti-

97 2016 210 2072 tuis
254 2018 417 2071 solam
461 2019 727 2090 relinquis
775 2047 846 2058 ——
907 2030 991 2071 60.
1033 2021 1144 2089 post
1173 2016 1352 2099 senex
1406 2022 1616 2091 signum
1673 2024 1901 2073 interro·

95 2091 269 2163 gaudi
286 2106 452 2161 pono.
524 2090 625 2143 Pro
653 2090 892 2165 detestor
910 2097 1179 2162 reperitur
1207 2095 1264 2144 in
1288 2092 1445 2146 codd.
1475 2109 1503 2142 a
1529 2096 1701 2162 prima
1731 2108 1902 2143 mauu

98 2161 361 2234 detest'es,
405 2158 550 2213 vnde
579 2162 836 2215 Gruterus
875 2165 1147 2223 coniecit,
1193 2163 1285 2217 seu
1372 2165 1517 2216 otius
1559 2164 1789 2216 restituit
1826 2166 1899 2217 do

95 2234 275 2309 testes.
348 2232 514 2286 verba
572 2250 699 2285 vero
744 2230 1016 2315 summum
1070 2241 1253 2287 Iovem
1306 2184 1541 2306 dios-que
1600 2237 1674 2287 do
1735 2236 1900 2310 testes

99 2305 374 2376 iungenda
429 2305 548 2356 sunt
599 2322 726 2356 cum
777 2325 826 2358 v.
854 2313 910 2355 6:
937 2304 1046 2378 sqq.
1092 2325 1173 2358 me
1219 2327 1389 2379 neque
1438 2306 1531 2383 isti
1581 2320 1685 2359 etc.
1738 2307 1900 2358 senex

99 2382 280 2429 autem
336 2374 602 2429 miraculo
657 2379 991 2447 ignorantiae
1040 2380 1351 2439 adtonitus,
1403 2396 1563 2450 quam
1608 2380 1897 2429 Menaech-

24 2449 25 2454 ’
97 2458 254 2500 mum
298 2461 452 2519 putat
490 2449 742 2509 similare,
777 2449 1066 2502 'interfatur
1108 2456 1260 2502 v.6·.
1301 2469 1408 2519 qua
1434 2452 1502 2502 de
1546 2469 1604 2502 re
1640 2451 1769 2502 deos
1804 2452 1897 2502 das

99 2519 283 2578 testes,
321 2531 419 2570 aut
444 2522 596 2570 cuius
641 2521 720 2571 rei
753 2539 928 2573 rerum
951 2524 1184 2573 omnium
1211 2522 1406 2575 causa?
1437 2551 1510 2570 -ψ
1545 2530 1628 2573 ὁρ.
1664 2527 1791 2573 ΛῘν.
1818 2525 1897 2574 ni·

60 2584 64 2601 ¹
100 2592 208 2653 mio
235 2593 368 2642 haec
402 2592 731 2658 inpudenter
758 2611 945 2661 negas.
1022 2595 1112 2645 Sic
1150 2595 1507 2646 concinnauit
1536 2594 1898 2654 Camerarius,

101 2679 271 2732 quum
301 2664 453 2734 prius
486 2665 751 2732 legeretur
779 2665 886 2716 imo
911 2666 1199 2717 obcludere
1220 2685 1423 2733 negem,
1458 2682 1598 2736 quae
1618 2668 1781 2716 verba
1805 2667 1901 2717 alii

103 2735 255 2791 aliter
288 2745 568 2785 mutarunt
591 2763 663 2774 —--—
693 2755 715 2791 7
761 2774 773 2787 .
810 2756 918 2789 non
941 2749 1001 2788 tu
1029 2749 1085 2788 te
1114 2738 1307 2789 tenes?
1346 2737 1591 2794 cohibes,
1623 2740 1807 2789 taces?
1826 2764 1899 2778 —--·

103 2822 188 2870 74,
229 2805 344 2857 Mff.
379 2806 630 2857 desinunt
671 2806 730 2856 in
763 2811 885 2875 quis
921 2819 983 2859 tu
1013 2810 1178 2860 homo
1225 2811 1323 2861 es?
1375 2808 1714 2860 Camerarius
1762 2809 1899 2859 inse·

100 2866 333 2937 rendum
362 2881 574 2948 putauit
602 2881 736 2946 quid
750 2875 879 2953 feci
907 2899 1037 2947 ego:
1074 2883 1281 2951 priores
1309 2879 1615 2932 inserebant
1642 2883 1776 2950 quid
1809 2898 1898 2931 no-

105 2945 195 2997 cui
261 2975 312 2984 «-
358 2955 451 3007 76.
501 2948 665 3000 viden
718 2962 778 3001 tu
828 2950 913 3002 illi
957 2953 1147 3003 oculos
1202 2955 1425 3004 virere?
1483 2953 1686 3003 ardere.
1763 2952 1894 3003 Hor.

103 3013 279 3085 Epod.
307 3035 379 3078 17.
406 3037 484 3078 33·
512 3017 722 3072 feruida
750 3024 939 3073 virens
973 3023 1031 3072 in
1062 3027 1226 3075 Aetna
1254 3021 1490 3096 stamma
1536 3026 1675 3090 (non
1715 3037 1899 3073 moror

104 3104 227 3146 eos,
270 3089 367 3158 qui
405 3107 502 3159 pro
535 3095 722 3144 virens
761 3097 974 3145 malunt
1003 3095 1223 3161 vrensl)
1263 3124 1335 3134 -—-
1372 3103 1455 3155 7⁶.
1482 3112 1561 3156 77.
1599 3107 1668 3145 vt
1692 3098 1897 3145 viridis

106 3158 358 3212 exoritur
390 3159 538 3237 cosor
566 3180 634 3214 ex
674 3168 1011 3235 temporibus
1042 3177 1207 3235 atque
1219 3157 1439 3240 fronte.
1515 3166 1640 3217 Non
1679 3166 1747 3215 est
1766 3173 1896 3216 'mu-

104 3231 334 3282 tandum
380 3232 538 3282 iridis
566 3234 730 3288 color.
806 3240 886 3289 Ex
938 3241 1009 3286 ira
1054 3254 1115 3287 ac
1154 3236 1335 3289 furore
1371 3237 1553 3291 omnis
1580 3239 1765 3287 vultus
1805 3251 1896 3285 na·
1948 3271 1950 3273 ·

103 3302 286 3354 tinum
335 3303 578 3357 colorem
621 3319 814 3359 mutat.
906 3310 1158 3362 Viridem
1199 3308 1436 3363 colorem
1477 3309 1770 3360 Turnebus
1810 3323 1895 3359 ex·

163 3396 322 3434 comm.
362 3398 456 3435 vol.
472 3394 521 3437 V.
1531 3380 1581 3448 Q
