2144 3554
273 210 386 269 382
866 257 869 260 ,
976 209 1044 252 lN
1108 210 1330 274 s'rtcffl

266 351 514 422 propior.
569 363 707 418 quae
753 358 902 395 nunc
937 344 1187 401 demum,
1236 361 1372 395 voce
1415 345 1532 397 eius
1566 348 1769 417 agnita,
1815 352 1872 401 in
1910 367 2036 406 con„

262 424 508 492 spectum
552 423 668 469 eius
706 418 990 486 prodeunt.
1075 417 1358 467 Facturum
1397 416 1449 467 se
1487 430 1637 486 pater
1683 421 1844 480 dicit,
1887 426 2035 493 quod
2104 438 2107 440 ’

262 492 442 563 postea
489 502 668 540 tamen
717 503 830 537 non
880 486 1010 536 fecit
1057 513 1125 524 —-—-
1178 506 1256 547 32·
1306 489 1623 553 obcupemus
1665 510 2030 560 properemus,

262 564 709 632 praeueniamus,
765 570 1055 626 antequam
1086 556 1401 626 adloquatur
1434 576 1564 619 nos,
1618 559 1849 636 osculum
1882 560 2032 635 ferre

261 634 493 685 osculari
516 649 639 681 eum
667 625 954 703 adversum
980 630 1239 677 hominem
1265 631 1456 680 obuiae
1479 629 1550 669 4-
1581 649 1600 691 3
1616 651 1660 691 3.
1687 633 1832 684 illico
1861 628 2029 702 ‹ig-ite,

261 707 538 756 abscedite
583 700 796 771 pausam
841 698 1002 749 facite
1039 702 1151 748 mei
1188 702 1526 768 amplexandi
1560 730 1631 740 —-
1675 721 1756 764 34.
1794 701 2031 780 osculum

260 788 442 830 ,tamen
470 773 609 824 filiae
636 788 746 823 non
775 769 1196 839 adspernabere‘?
1231 799 1302 808 —-·-
1341 761 1419 831 3'5.
1453 774 1582 840 quia
1620 776 1702 823 ita
1734 792 1880 825 meae
1914 781 2026 828 ani-

259 867 377 898 mae
399 839 616 926 [affara
641 845 814 893 euenit
838 843 982 891 varie
1011 843 1295 910 explicant.
1351 843 1572 893 Douzae
1597 857 1651 894 et
1670 846 1846 894 Vallae
1868 846 2027 900 senex

253 920 431 969 nimio
459 917 559 966 lale
586 915 801 964 videtur
832 912 1074 970 offendi,
1102 915 1299 981 quibus
1324 929 1421 981 ego
1445 914 1664 965 adcedo.
1722 916 1848 967 Non
1875 920 2026 968 euim

250 988 477 1046 summa,
514 999 572 1036 vt
598 984 729 1035 filias
757 984 993 1042 decebat,
1036 983 1212 1033 oscula
1232 983 1486 1034 videntur
1507 985 1770 1044 delibasse,
1807 986 1895 1036 sed
1921 990 2029 1039 dis-¹

249 1060 524 1111 suauiatae
548 1071 775 1127 patrem,
815 1067 992 1122 atque,
1030 1068 1091 1105 vt
1108 1055 1395 1106 Petronius
1421 1057 1680 1124 loquitur,
1718 1059 1870 1107 baliis
1899 1076 2025 1110 con-

250 1130 444 1202 spuisse
478 1159 544 1169 --
592 1147 671 1189 37.
709 1127 988 1193 puluinum
1014 1139 1072 1175 vt
1094 1124 1424 1194 subponatur
1455 1155 1526 1166 —--
1561 1144 1644 1189 44.
1678 1130 2027 1203 magnificare

250 1203 437 1272 magni
484 1199 655 1250 facere
699 1199 846 1249 Men.
869 1217 911 1248 z.
936 1219 982 1258 3·
1009 1214 1069 1245 20
1093 1209 1193 1246 etc.
1231 1224 1301 1236 -—-
1356 1215 1433 1259 57.
1472 1199 1712 1248 omnibus
1757 1212 2027 1270 quotquot

252 1291 337 1326 eas
372 1272 594 1323 videant
631 1288 694 1321 os
732 1270 1000 1326 obturent,
1038 1268 1156 1317 talis
1185 1269 1244 1317 fit
1280 1271 1526 1318 om'nium
1565 1269 1630 1319 de
1666 1271 1732 1320 iis
1766 1271 2022 1323 existima·

248 1347 345 1404 tio,
384 1357 445 1394 vt
484 1358 647 1397 nemo
697 1342 772 1390 eis
812 1339 1133 1390 maledicere
1169 1341 1362 1388 merito
1401 1336 1558 1407 poffit
1590 1342 1679 1390 vel
1719 1343 1914 1393 audeat
1952 1371 2020 1383 —-

252 1433 334 1479 59.
367 1416 465 1465 vbi
507 1411 617 1483 qua'
646 1414 703 1459 in
741 1428 798 1459 re
834 1438 905 1448 -—
938 1414 1020 1459 60.
1057 1411 1118 1458 id
1153 1412 1211 1457 in
1247 1426 1311 1458 eo
1348 1420 1618 1475 temperat
1657 1440 1729 1449 -—-
1768 1417 1850 1463 61.
1889 1424 2021 1463 vtra

241 1485 314 1557 fit
335 1487 578 1536 conditio
600 1480 815 1555 perfior
834 1496 1007 1531 Vtram
1029 1495 1253 1529 onrem
1279 1480 1477 1529 ducere
1499 1479 1666 1531 satius
1695 1483 1769 1533 fit.
1800 1479 2021 1558 perzficm

246 1557 347 1609 est:
398 1555 731 1623 ponderibus
767 1554 1165 1612 examinatum3
1219 1550 1447 1612 deinde:
1484 1567 1755 1619 ·aequum‚
1803 1554 2020 1605 iustum.

245 1629 445 1680 Contra
467 1620 740 1700 inpensum
765 1640 877 1673 non
899 1620 1142 1690 pensum,
1179 1623 1449 1691 iniquum.
1499 1622 1696 1672 Bacch.
1719 1642 1761 1683 3.
1788 1643 1830 1674 2.
1855 1644 1930 1676 10.
1951 1653 2024 1665 —-
2076 1632 2082 1646 '

245 1702 330 1761 63.
357 1702 409 1751 E
436 1699 622 1748 multis
649 1697 827 1754 malis,
866 1695 1062 1744 malum
1087 1695 1233 1762 quod
1259 1695 1525 1743 minimum
1555 1692 1646 1768 es,
1676 1696 1736 1744 id
1759 1698 2022 1746 minimum

162 1803 164 1806 >
243 1792 271 1822 e
298 1784 320 1821 t
343 1771 557 1820 malum.
617 1767 952 1825 Auditorem,
980 1765 1129 1815 aliud
1154 1764 1283 1833 quid
1309 1762 1720 1833 exspectantem,
1747 1766 1894 1816 idem
1922 1784 2019 1836 per

241 1834 389 1893 idem
425 1837 743 1908 explicando
776 1837 978 1894 ludere,
1018 1848 1072 1886 et
1103 1830 1497 1904 Epicharmum
1521 1835 1822 1888 Aristoteles
1857 1840 2018 1887 inter-

241 1914 373 1966 dum
401 1914 617 1965 solitum
656 1909 806 1959 fuisse
835 1909 984 1966 dicit,
1024 1918 1078 1955 et
1100 1908 1319 1957 Plautus
1350 1905 1555 1975 saepius
1581 1906 1728 1958 solet.
1765 1910 1831 1958 sic
1857 1909 2014 1960 Cure.

236 1996 355 2048 44.
383 2003 421 2036 1.
458 1984 555 2034 cui
591 1982 807 2031 homini
856 1980 933 2028 dii
979 1978 1100 2028 sunt
1142 1979 1400 2048 propitii,
1453 1979 1504 2027 ei
1543 1995 1657 2029 non
1701 1979 1800 2029 ess'e
1852 1982 2017 2031 iratos

238 2070 392 2127 puto.
467 2055 557 2105 Sic
591 2053 744 2119 Capt.
774 2052 913 2101 Ptol.
940 2069 982 2100 2.
1020 2050 1129 2106 illi,
1168 2050 1275 2118 'qui
1312 2047 1540 2107 adstant,
1592 2050 1654 2098 hi
1687 2049 1869 2108 stant„
1900 2068 2035 2107 non<

236 2128 439 2188 sedent.
514 2127 577 2174 In
606 2124 692 2174 his
716 2122 999 2172 Dialectici
1034 2121 1227 2170 dicum
1253 2119 1397 2169 idem
1429 2118 1527 2168 effe
1559 2119 1619 2171 vo*
1654 2122 2016 2188 κατηγορούμε.

235 2217 321 2251 νον
351 2197 424 2264 τῷ
445 2193 751 2261 ϋποκειμένῳ
771 2221 842 2231 -—·-
873 2194 956 2254 69.
993 2193 1262 2257 ingenium
1288 2192 1506 2256 ingenii,
1547 2191 1703 2257 quale
1726 2193 2013 2269 ingenium

170 2269 173 2271 ’
234 2268 467 2320 vestrum
506 2267 581 2322 fit,
619 2268 732 2314 vim
775 2265 984 2332 ingenii
1019 2262 1176 2312 vestri
1209 2288 1280 2300 —-—-
1320 2279 1399 2324 7²·
1443 2277 1668 2329 quarum
1702 2280 1788 2312 res
1827 2265 2038 2329 agitur,

233 2349 372 2410 quae
397 2340 566 2406 igitur
592 2338 761 2404 magis
795 2333 1094 2385 audiendae
1119 2332 1318 2389 sumus,
1359 2349 1523 2400 quam
1555 2333 1715 2382 amici
1741 2335 1842 2390 tui,
1879 2352 2011 2402 quo—

231 2428 373 2468 rum,
408 2422 797 2458 maneamusne
826 2424 892 2455 an
923 2404 1256 2454 abdticamur
1283 2415 1311 2451 'a
1339 2404 1549 2467 maritis
1575 2402 1778 2462 nostris,
1816 2421 2010 2470 parum

234 2480 479 2533 interesse
510 2477 679 2548 potest
712 2506 781 2514 ——-
821 2484 904 2534 78.
948 2477 1195 2526 latrones
1233 2475 1433 2524 milites
1463 2500 1535 2512 --
1583 2481 1665 2534 87.
1704 2477 2007 2540 probiores,

145 2606 150 2614 s
232 2571 333 2605 nos
363 2565 614 2619 Vtrasque
648 2547 764 2606 effe,
815 2547 991 2604 credo,
1034 2546 1382 2596 arbitrabunt
1415 2560 1542 2615 pro:
1585 2545 2006 2598 arbitrabuntur.

230 2624 486 2684 Pseud.4.
510 2641 552 2672 2.
577 2638 653 2681 57.
685 2646 756 2657 ———
789 2636 871 2679 9²·
914 2614 1120 2738 celaqis
1156 2616 1416 2667 celaueris
1453 2642 1525 2657 ,-
1559 2631 1640 2678 97.
1670 2635 1736 2666 ac
1767 2628 2009 2668 actutum

225 2697 288 2748 vro*
319 2715 383 2745 ac
421 2692 570 2763 quod
605 2692 665 2740 in
704 2689 821 2741 ΜΠ.
864 2701 917 2739 et
955 2688 1020 2739 ed
1063 2726 1075 2738 .
1121 2700 1254 2738 vett.
1299 2702 1414 2736 non
1447 2686 1680 2755 adparet,
1722 2687 2008 2740 videbatur

231 2765 539 2818 delendum.

536 2882 625 2935 IN
682 2877 952 2934 Ac‘rvs
1023 2878 1064 2930 1.
1160 2875 1505 2930 scENAM
1573 2863 1721 2930 111.'

322 2982 343 3027 ι’
361 2977 428 3029 ad
449 2979 504 3028 16
521 2979 711 3043 Fames
734 2976 871 3023 mihi
892 2970 1061 3023 mater
1081 2972 1197 3030 fuit,
1215 2988 1368 3041 quae,
1394 2988 1564 3040 quum
1584 2972 1772 3021 decern
1794 2968 2005 3021 menses

226 3051 515 3118 paruulum
537 3066 625 3098 me
654 3059 806 3097 vtero
832 3043 1081 3114 gestasset,
1121 3045 1333 3111 peperit
1352 3043 1601 3092 tandem:
1641 3054 1695 3091 at
1718 3058 1817 3108 ego
1852 3059 2003 3092 nunc

224 3119 396 3190 ipsam
422 3120 610 3169 decem
638 3121 746 3168 iam
773 3131 942 3166 annos
968 3126 1122 3164 'vtem
1145 3113 1305 3183 gestO,
1331 3130 1442 3164 non
1469 3128 1694 3181 paruam
1718 3111 1808 3160 sed
1833 3114 2001 3162 maxi·

223 3209 388 3250 mam,
427 3202 481 3239 et
502 3205 696 3259 ,parere
734 3200 914 3237 tamen
952 3184 1095 3234 hanc
1127 3197 1354 3235 matrem
1385 3199 1562 3232 meam
1603 3198 1814 3252 nequeo
1841 3210 1912 3221 -—-
1949 3200 1994 3243 3.

224 3281 274 3326 4.
309 3264 496 3313 Lectio
533 3261 839 3311 exhibetur
874 3255 1130 3314 Acidalii;
1190 3255 1246 3304 in
1291 3253 1407 3303 Mff.
1449 3252 1547 3303 este
1612 3272 1658 3315 3.
1702 3270 1860 3321 quam
1897 3269 2007 3317 ego⁴

222 3335 388 3386 matri
415 3350 561 3383 meae
589 3324 763 3404 refero
789 3322 1145 3400 imeitiffimus.
1190 3344 1238 3390 4.
1267 3343 1432 3394 neque
1464 3325 1669 3383 retulit,
1709 3341 1870 3393 quam
1895 3338 1994 3388 ego
