2144 3554
249 147 367 218 376
657 190 661 193 »
859 175 861 177 ·
906 164 975 206 m
1039 135 1407 232 avoznrtsj
1477 159 1509 220 ,¹
1555 218 1558 220 Α

259 298 375 353 vbi,
414 297 508 364 qui
534 293 815 364 naufragio
848 295 1006 346 suum
1035 297 1291 366 perdidit,
1326 309 1490 350 notus
1516 296 1603 356 est,
1643 314 1754 349 non
1786 298 2031 358 reddens,

260 369 352 418 fur
377 367 462 416 est.
534 366 684 434 Quid
718 365 805 424 est,
847 368 996 436 quod
1024 372 1158 427 iure,
1196 368 1342 438 quod
1370 369 1576 419 litorale
1602 382 1845 427 vocatur,
1878 369 2034 438 possit

263 438 365 489 else
408 437 690 505 iniquius?
725 466 797 475 —-
845 445 892 490 8.
929 437 1043 511 Isto
1093 456 1209 489 eam
1253 437 1423 507 ipsam
1474 439 1546 490 ob
1588 439 1799 491 causam
1838 467 1908 480 -0-
1952 459 2031 490 10.

259 521 563 559 transenna
606 511 831 576 laqueus
876 511 1157 579 captandis
1196 511 1415 564 auibus.
1461 509 1576 564 vid.
1619 509 1760 562 Pers.
1792 526 1840 571 4.
1873 530 1917 569 3·
1952 529 2031 561 11.

260 581 589 640 Bacch.4.6.
613 597 691 628 22.
726 608 796 618 -
837 597 915 630 12.
949 577 1444 657 poscit'Thomi'on.
1478 583 1599 631 vult
1632 576 1814 657 pascit
1842 580 2038 647 οἱρχαϊ..

262 652 359 706 κῶς
394 667 495 719 pro
536 649 648 699 edit
679 677 751 689 --
793 668 869 710 ις.
910 654 998 702 vti
1028 663 1248 718 partum
1274 669 1370 722 pro
1405 663 1569 720 parto
1605 676 1677 691 —-
1718 653 1794 701 ι6·.
1830 651 1922 702 iste
1956 653 2035 700 vi-

265 721 425 772 dulus
456 720 597 770 foret
621 722 833 785 praeda
858 739 921 772 ex
949 722 1184 775 fortunis
1212 725 1331 775 noti
1351 714 1596 775 'hominis
1623 722 1812 777 fraude
1838 736 2038 790 erepta,
2089 766 2092 767 γ

265 810 431 861 quam
457 793 750 859 praeuideo
783 795 913 843 mihi
944 797 1272 861 praedatum
1303 797 1375 844 iri
1400 793 1533 853 fore,
1570 806 1632 845 vt
1659 795 1800 844 mihi
1833 795 1898 845 ab
1931 795 2039 844 alio

266 864 527 931 quopiam
578 863 636 911 vi
695 876 787 913 aut
819 865 1042 935 ‘fraude'
1068 866 1326 933 eripiatur
1361 866 1431 906 -ὲ
1480 866 1559 926 ι7.
1596 878 1659 916 vt
1703 866 1871 916 abiret
1923 884 2041 915 cum

267 937 475 984 maiore
502 936 628 983 dote
664 933 882 996 damno,
922 956 1080 1006 quam
1111 939 1397 990 adamarit
1420 953 1583 1005 quarn
1615 939 1832 987 lucrum
1859 935 2041 992 fuerit,

269 1021 329 1053 ea
352 1017 556 1055 retenta
581 1004 784 1055 factum
819 1037 890 1046 -
930 1025 1009 1073 19.
1038 1007 1212 1082 noster
1236 1011 1551 1069 Daemones
1562 1002 1750 1081 faciet
1774 1024 1902 1077 pro:
1942 1022 2045 1076 ego

269 1075 485 1127 faciam.
557 1077 662 1125 Alii
685 1075 880 1151 voster,
921 1080 1067 1148 quod
1088 1075 1242 1130 Acid.
1269 1079 1490 1149 quidem
1518 1078 1766 1150 praefert.
1849 1077 2047 1152 Voster

269 1158 520 1197 moneret
550 1146 800 1199 seruum:
838 1149 1042 1224 Noster
1076 1164 1258 1203 autem
1291 1150 1605 1210 mentis—est,
1641 1152 1775 1202 recti
1798 1149 1892 1199 fibi
1919 1166 2062 1199 con-⁷

267 1218 407 1268 seiae
443 1248 516 1258 --
558 1237 638 1269 22.
679 1221 868 1270 Lamb.
907 1224 1164 1290 explicat:
1219 1239 1348 1290 ego,
1390 1240 1560 1292 quum
1590 1237 1680 1271 me
1711 1219 1928 1270 honeste
1957 1223 2050 1271 ob-

270 1291 487 1347 lectem,
521 1291 734 1339 lucrum
768 1304 1077 1344 contemno.
1151 1294 1353 1344 Acidal.
1391 1310 1553 1344 vero:
1601 1291 1878 1361 postquam
1906 1293 2048 1341 mihi

274 1378 387 1411 non
414 1360 579 1410 modo
606 1377 718 1411 non
742 1362 958 1421 damno,
997 1363 1087 1414 sed
1113 1367 1276 1414 etiam
1300 1363 1422 1414 vsui
1453 1363 1673 1414 fuithic
1700 1364 1940 1421 vidulus,
1971 1365 2050 1413 in-
2100 1398 2104 1405 -

272 1444 438 1482 uenta
458 1449 656 1498 nempe
679 1430 803 1490 filia,
832 1435 1044 1485 nullum
1070 1448 1343 1503 praeterea
1361 1436 1577 1486 lucrum
1597 1434 1725 1483 inde
1753 1450 1950 1503 quaero
1982 1461 2054 1472 --

280 1521 361 1563 29.
388 1523 453 1552 ne
475 1498 866 1576 tusruslrafis
885 1506 999 1556 vid.
1032 1522 1078 1567 4.
1103 1524 1151 1567 3.
1173 1523 1251 1564 30.
1272 1534 1346 1544 -
1378 1502 1407 1566 ¹3
1423 1523 1467 1556 2.
1496 1506 1625 1557 illuc
1647 1503 1738 1579 est,
1764 1507 1924 1573 ‘quod
1947 1517 2049 1556 ete.

274 1574 410 1622 haec
436 1572 509 1623 est
532 1566 708 1632 causa,
746 1576 891 1644 quod
923 1576 1098 1628 seruos
1136 1578 1399 1628 habemus
1436 1578 1693 1646 inprobos
1720 1605 1791 1614 -—
1829 1593 1907 1636 33.
1940 1577 2057 1626 illic

275 1645 437 1694 herus
469 1643 613 1717 -fi
648 1643 957 1721 congreffus
985 1642 1148 1719 foret
1194 1666 1308 1697 cum
1332 1696 1335 1698 ,
1339 1642 1508 1723 seruo
1550 1646 1730 1698 astutia
1772 1659 1825 1697 et
1860 1645 2056 1711 fraude

281 1719 414 1773 eiua,
465 1715 531 1764 ad
566 1716 640 1774 id,
690 1717 838 1785 quod
872 1723 1039 1786 eupit,
1086 1716 1429 1770 efficiendum
1477 1719 1671 1777 v'tatur,
1721 1719 1898 1784 prauis
1927 1734 2057 1770 eum

277 1787 511 1854 negotiis
539 1786 853 1854 praefulciat
873 1789 1013 1840 Pers.
1040 1808 1081 1839 ι.
1106 1808 1148 1841 1.
1172 1807 1248 1840 12.
1286 1789 1483 1856 praeda
1517 1790 1567 1839 se
1602 1806 1631 1838 a
1661 1788 1817 1838 seruo
1849 1790 2058 1856 obpleri

276 1858 505 1926 gaudeat
538 1857 729 1909 Pseud.
755 1878 800 1909 2.
828 1878 870 1909 1.
896 1877 972 1924 14.
995 1913 998 1915 ,
1019 1891 1090 1902 --
1141 1878 1220 1922 32.
1255 1858 1390 1911 furti
1428 1863 1619 1930 culpae
1652 1859 1884 1911 adfinem
1916 1858 1967 1910 se
2005 1874 2061 1912 et

277 1929 437 1979 illum
472 1928 721 1979 redderet
752 1956 824 1969 -—
869 1949 950 1993 35.
979 1934 1058 1992 36.
1097 1931 1247 2001 quod
1277 1924 1529 2000 praedam
1561 1927 1732 1999 putet,
1773 1930 1976 1981 adferet
2010 1933 2065 1984 ei

278 2000 610 2070 perniciem3
653 2017 751 2071 pro
785 2005 1153 2056 emolumento
1183 2002 1390 2072 sperato
1427 2001 1706 2055 adficietur
1736 2001 1953 2054 damno·

561 2140 650 2189 IN
697 2139 965 2190 ACTVS
1028 2141 1123 2190 IV.
1209 2139 1558 2191 SCENAM
1619 2140 1783 2191 VIII.

334 2203 341 2213 ”
396 2227 440 2261 ι.
469 2211 659 2260 iterum
688 2214 830 2261 itera
856 2210 1214 2280 pleonasmus,
1245 2228 1377 2280 pro:
1416 2213 1608 2262 iterum
1631 2227 1782 2261 narra
1820 2237 1892 2248 —-
1921 2207 2063 2260 ludit

212 2319 214 2321 v
283 2280 469 2331 seruus
495 2283 596 2331 hac
629 2281 782 2332 scena
811 2284 1024 2333 herum.
1055 2336 1066 2341 „
1096 2283 1349 2351 Roganti,
1386 2299 1522 2350 quae
1557 2295 1698 2333 certa
1735 2280 1835 2332 effe
1866 2282 1916 2330 ei
1935 2282 2064 2331 ‚iam

283 2351 675 2411 adfirmauerat,
726 2351 1013 2422 respondet
1048 2354 1287 2421 primum
1323 2353 1525 2412 verbi8‚
1569 2369 1803 2421 quorum
1844 2350 1968 2402 vsus
2004 2351 2064 2401 in

261 2423 447 2488 'rebus
477 2424 662 2474 dubiis
692 2423 789 2474 est:
827 2427 1041 2490 opinor,
1064 2418 1348 2499 suspicion
1385 2423 1583 2474 deinde
1605 2424 1868 2476 vero'vno
1893 2421 2062 2473 verbo

263 2493 470 2569 'censeo
504 2493 713 2563 saepius
739 2499 987 2564 repetito.
1021 2511 1185 2563 quare
1211 2497 1374 2545 herus
1399 2514 1453 2546 v.
1472 2504 1521 2560 9.
1562 2506 1625 2545 at
1642 2490 1802 2570 sume
1828 2494 2060 2564 quidem,

284 2584 352 2614 ne
381 2560 913 2686 cerfionemssemper
927 2563 1158 2639 jacias!
1205 2567 1496 2617 Turnebus
1537 2567 1646 2636 legi
1679 2568 1826 2618 vult:
1852 2559 2062 2639 *adsum

288 2637 545 2703 equidem,
568 2654 670 2705 qua
693 2633 1008 2688 1Traclialio
1031 2638 1310 2687 censuram
1336 2646 1620 2696 exemerat,
1647 2653 1784 2706 quae
1810 2653 1873 2688 eo
1891 2635 2065 2689 ¹soleat

285 2706 386 2757 else
430 2707 769 2768 diuturnior,
819 2725 928 2777 quo
970 2709 1173 2759 tardius
1220 2709 1369 2769 ciues
1418 2709 1485 2770 ad
1524 2707 1744 2761 censum
1782 2707 2061 2758 venerint:

285 2779 548 2829 iuuenem
576 2781 742 2848 igitur
769 2779 948 2830 dicere
976 2774 1185 2854 adsum,
1222 2795 1348 2828 ecce
1375 2796 1464 2829 me
1495 2780 1599 2832 tibi
1625 2795 1806 2830 coram
1839 2777 1981 2832 sisto:
1998 2795 2066 2826 ne

288 2846 576 2919 censionem
621 2864 722 2901 etc.
769 2867 839 2899 ne
879 2851 1093 2919 longior
1132 2848 1319 2900 census
1356 2851 1430 2901 fit.
1505 2851 1783 2901 Salmasius
1827 2848 1887 2901 τό
1951 2866 2067 2897 ume

286 2919 452 2970 refert
483 2921 549 2971 ad
575 2922 665 2973 dic
702 2940 831 2986 ergo
865 2923 1060 2989 quanti
1091 2917 1307 2995 censes?
1356 2934 1418 2972 vt
1432 2915 1587 2997 sume
1613 2921 1699 2972 fit:
1738 2936 1854 2972 rem
1918 2933 2060 2990 nme,

289 2992 478 3060 quanti
501 3009 618 3042 eam
647 2991 829 3043 censes
855 3004 908 3041 et
932 2992 1190 3052 aestimas,
1227 3007 1300 3041 ne
1321 2989 1530 3061 semper
1554 2992 1719 3044 facias
1740 2991 2063 3043 censionem.

287 3062 523 3131 Lipsius,
564 3063 810 3114 Acidalio
863 3065 1154 3132 probante,
1213 3079 1312 3131 pro
1347 3058 1504 3138 sume
1543 3064 1663 3114 vult
1698 3057 1944 3138 absume:
1993 3074 2066 3109 ne

288 3132 495 3201 semper
524 3132 755 3191 censeas,
806 3133 1023 3184 absume
1057 3137 1262 3202 potius,
1303 3147 1356 3185 et
1382 3136 1440 3184 in
1477 3134 1785 3185 decoctores
1816 3132 2064 3189 reserare,

290 3206 403 3273 qui,
447 3204 593 3271 quod
637 3205 778 3256 nihil
812 3208 872 3254 in
906 3206 1068 3260 bonis
1113 3205 1332 3262 habent,
1385 3206 1544 3256 liberi
1578 3203 1707 3255 sunt
1743 3222 1772 3255 a
1810 3201 2064 3260 molestia,

289 3273 381 3328 sua
416 3275 476 3326 in
523 3275 743 3329 censum
780 3275 1092 3339 dedicandi...
1177 3274 1393 3330 Pistoris
1434 3278 1698 3330 iuuenem
1734 3276 1802 3327 de
1841 3273 2067 3327 militari
