2144 3554
252 177 367 238 378
902 183 973 227 m
1030 183 1363 228 Rvmznrrs

234 311 556 391 fabulemur
583 316 810 369 fabulari
832 315 1118 384 poss‘umu&
1175 316 1371 387 Gripus
1398 319 1464 370 de
1489 319 1602 388 ipso
1631 322 2015 378 viduldstatirn

249 391 403 457 loqui
433 391 622 458 pergit.
694 389 949 457 Explico:
978 385 1025 458 fi
1062 404 1189 440 vero
1226 408 1333 440 non
1367 392 1468 440 hoc
1500 392 1570 441 ita
1604 393 1691 450 est,
1730 394 1761 440 fi
1796 393 2016 443 vidulus

248 470 378 509 tuus
406 475 519 509 nou
552 460 728 528 periit,
769 476 899 508 num
940 469 1121 508 tamen
1153 461 1253 519 vis,
1294 455 1817 534 aliudfahulemur?
1857 475 1917 511 vt
1950 463 2017 513 de

248 530 436 581 vidulo
459 542 553 579 tuo
581 531 733 596 loqui
759 530 1093 579 desinamus?
1118 558 1188 568 —
1220 547 1300 589 27·
1322 531 1438 581 Mff.
1458 535 1585 584 Pall.
1612 547 1835 602 vterque
1855 535 2020 584 habet

245 611 457 650 centum
494 603 639 650 mina
670 601 987 667 Philip-pia,
1032 601 1179 668 quod
1204 601 1395 652 Aldina
1425 602 1575 653 dedit
1610 615 1817 655 centum
1849 598 2020 653 minae

248 673 617 738 Philippicae,
661 671 824 740 idque
860 674 1022 721 citato
1065 671 1324 725 Marcelli,
1382 675 1528 743 quod
1567 675 1687 724 edd.
1725 688 1856 725 vett.
1908 675 2017 743 pie·
2138 717 2141 724 .

246 759 446 810 raeque
481 742 791 811 sequuntur,
842 740 1126 790 videbatur
1163 742 1572 811 praeferendum
1610 775 1681 784 —-
1714 741 2015 821 pase-eolus.
2069 779 2076 781 μ
2126 748 2142 791 i

246 814 489 863 Nonius:
538 830 600 863 ex
639 816 781 863 aluta
815 811 1086 872 sacculus;
1124 814 1411 864 Asconius:
1452 815 1668 867 scortea.
1704 846 1775 855 ——
1818 834 1898 878 31.
1933 827 2017 866 ta·
2136 822 2142 835 '

244 895 450 934 tentum
481 903 732 948 magnum
761 886 1001 941 atticum,
1041 887 1366 935 commodum
1393 885 1512 935 iusti
1535 887 1791 956 ponderis
1828 916 1899 925 --
1934 905 2015 950 3²-

238 953 388 1022 finus
428 954 518 1006 [eu
537 953 721 1029 finum
761 971 855 1004 vas
894 953 1193 1017 sinuosum,
1243 957 1573 1018 rotundum,
1611 973 1803 1027 capace
1843 959 2015 1007 alueo·

244 1027 404 1093 Curc.
442 1045 480 1075 ι.
520 1046 558 1075 ι.
588 1044 670 1086 75.
728 1055 798 1064 —-
859 1023 1119 1098 epiclzyfis
1181 1043 1275 1076 vas
1335 1029 1638 1084 vinarium,
1710 1045 1740 1078 e
1796 1046 1908 1096 quo
1959 1030 2019 1076 in

245 1099 467 1163 cyathos
506 1098 700 1147 vinum
750 1094 1129 1147 effundebatur
1164 1127 1234 1136 --
1266 1099 1462 1164 gaulus
1495 1100 1773 1150 vasculum
1819 1102 1877 1147 in
1916 1097 2018 1148 for-

243 1186 391 1220 mam
427 1169 632 1234 cymbii
666 1197 736 1206 --
787 1186 865 1226 33·
908 1186 1093 1234 papae
1122 1169 1440 1219 exclamatio
1482 1170 1792 1221 admirantis
1820 1199 1891 1208 —-
1938 1171 2018 1228 36.

243 1258 345 1311 pro
381 1258 643 1307 propere,
693 1239 939 1288 celeriter
973 1240 1270 1289 Scriverius
1305 1242 1555 1292 Plautum
1591 1241 1833 1310 scripsisse
1866 1251 2022 1311 putat

244 1313 584 1379 properiter,
647 1309 795 1379 quod
827 1311 1114 1378 Apuleiu5‚
1164 1310 1432 1362 Ausonius
1479 1314 1680 1381 aliique
1715 1314 1915 1362 habent
1950 1341 2020 1350 —

242 1386 416 1433 tricas
460 1397 632 1450 nugas
675 1397 855 1430 narras
891 1410 957 1419 --
994 1392 1205 1430 tramas
1246 1385 1504 1447 putridas
1539 1384 1626 1433 fila
1661 1383 1896 1453 putrida,
1935 1399 2021 1431 res

244 1454 451 1505 nullius
488 1454 648 1519 pretii
683 1481 752 1489 —-
793 1451 1344 1509 38xcurculfuncul0s
1375 1455 1701 1504 vermiculos
1726 1473 1804 1493 ·—
1840 1471 1918 1517 39.
1957 1473 2021 1504 05

245 1526 391 1575 calet
424 1525 541 1581 tibi,
592 1541 731 1572 nunc
770 1514 1271 1595 ici-frigidffactas
1314 1525 1474 1575 lectio
1515 1526 1823 1575 Camerarii.
1899 1524 2018 1576 ΜΠ.

245 1608 426 1646 autem
462 1595 706 1662 plerique
743 1590 796 1642 e‘t
829 1591 951 1641 edd.
980 1605 1109 1643 vett.
1148 1594 1349 1645 habent
1375 1615 1499 1646 num
1531 1590 2019 1669 gitfrigefactas?

241 1666 330 1716 Est
363 1678 539 1717 autem
572 1667 658 1730 git
686 1662 877 1721 frutex,
927 1663 1079 1732 gustu
1114 1663 1296 1714 fimilis
1328 1669 1521 1735 piperi,
1571 1684 1599 1716 e
1634 1685 1742 1736 quo
1777 1670 2024 1735 pulmen-

243 1749 363 1788 tum
399 1737 670 1788 faciebant
703 1735 957 1792 calidum,
993 1735 1147 1803 quod
1179 1737 1236 1784 in
1271 1753 1363 1788 ore
1394 1737 1708 1807 frigefacere
1733 1740 2022 1790 Labracem

245 1810 442 1877 Gripus
482 1807 634 1865 dicit,
684 1823 754 1856 ne
802 1805 1046 1856 amburat
1087 1817 1286 1874 guttur.
1360 1806 1781 1860 Prouerbialiter
1813 1811 2022 1861 dictum

243 1891 439 1950 putant
482 1880 542 1928 in
593 1890 702 1935 eOS,
757 1878 851 1945 qui
895 1878 1104 1945 trepide
1147 1889 1359 1927 tantum
1402 1881 1722 1949 loquuntur,
1770 1893 1824 1930 et
1864 1899 2023 1951 parce

243 1952 589 2022 promittunt,
627 1966 719 1999 ore
753 1959 1046 2006 contracto,
1081 1961 1354 2019 tamquam
1397 1950 1618 2002 offulam
1651 1954 1913 2003 calentem
1943 1971 2024 2003 re-

182 2064 185 2065 r
243 2022 548 2093 frigeraturi
581 2049 653 2058 —-
699 2037 781 2080 45.
832 2020 893 2070 V
887 2039 1014 2069 enus
1052 2021 1184 2069 haec
1219 2022 1351 2070 volo
1390 2024 1628 2089 adroget
1661 2035 1716 2073 te
1747 2023 2024 2090 stipulator

240 2105 412 2162 rogat,
462 2091 808 2160 adstipulator
848 2091 1082 2159 adrogat,
1129 2093 1283 2159 cuius
1324 2095 1448 2142 vice
1490 2111 1637 2144 nunc
1679 2097 1858 2145 Venus
1904 2098 2023 2154 erit,

166 2203 170 2207 ,
243 2168 402 2215 cuius
441 2164 499 2212 in
535 2162 662 2212 fano
697 2162 762 2210 ad
801 2178 945 2211 aram
980 2173 1199 2230 pactum
1232 2170 1569 2215 conuentum
1602 2159 1788 2216 in’itur.
1840 2196 1899 2203 —
1935 2183 2020 2228 47.

245 2236 392 2306 quod
418 2235 602 2285 iubebo
633 2233 813 2282 verbis
847 2233 1070 2301 praeibo
1096 2261 1167 2271 -—-
1205 2241 1286 2296 48.
1326 2236 1384 2284 id
1408 2238 1553 2304 quod
1592 2238 1734 2286 domi
1770 2236 1844 2311 ψ
1877 2237 2024 2305 quod

244 2324 366 2357 mea
393 2308 452 2355 in
476 2302 734 2374 potestate
767 2300 851 2363 est,
889 2315 948 2352 vt
981 2305 1219 2372 peierem
1252 2334 1323 2342 —
1356 2309 1439 2357 60.
1480 2317 1651 2358 tecum
1691 2309 1792 2361 hoc
1831 2309 2022 2360 habeto

243 2380 388 2430 haec>
422 2377 534 2426 dira
579 2377 819 2446 precatio
863 2375 919 2422 in
961 2388 1121 2442 caput
1167 2388 1326 2426 tuum
1358 2390 1596 2428 vertatur
1641 2408 1712 2417 -—
1755 2381 1837 2430 68.
1875 2398 2028 2432 meus.
2111 2382 2114 2393 '

248 2451 554 2501 arbitratus
589 2445 664 2521 ⁶st
701 2444 814 2494 vid.
844 2441 912 2495 [c.
944 2443 1050 2514 seq.
1084 2465 1136 2496 v.
1162 2464 1237 2509 ι7.
1267 2454 1342 2497 ι8.

561 2591 649 2643 IN
696 2591 970 2643 ACTVS
1034 2593 1096 2644 V.
1188 2592 1536 2643 SCENAM
1603 2595 1713 2643 111.

357 2661 688 2738 5.fiquidem
722 2680 1047 2734 quamquam
1085 2667 1238 2714 Iovis
1280 2664 1384 2721 dei,
1423 2667 1531 2714 h.l·.
1567 2665 1814 2732 Neptuni
1844 2664 1899 2712 in
1933 2673 2025 2732 po·

250 2732 430 2787 testate
475 2735 581 2785 fuit
615 2735 651 2783 i.
669 2749 715 2782 e.
760 2735 818 2782 in
858 2737 996 2784 mari
1044 2736 1301 2785 inuentus
1349 2746 1714 2804 exceptusque
1745 2733 1907 2783 est—
1951 2752 2025 2783 10.

250 2825 359 2858 non
401 2806 562 2856 credo
601 2818 673 2863 te,
715 2806 809 2854 tali
840 2804 986 2855 serua
1026 2817 1117 2855 tua
1158 2806 1392 2875 ingenua
1427 2820 1649 2873 reperta,
1692 2805 1925 2872 ideoque
1969 2806 2028 2852 in

248 2879 552 2928 libertatem
591 2876 882 2933 vindicata,
920 2877 1152 2945 gaudere
1184 2906 1256 2914 -—-
1307 2895 1384 2926 ιι.
1421 2879 1666 2926 condono
1701 2887 1756 2925 te
1794 2877 2030 2943 benigne

252 2948 473 3019 quidem
515 2946 697 3003 donat,
733 2958 786 2996 et
819 2951 934 2996 iure
965 2948 1143 2998 videri
1181 2948 1300 2995 vult
1329 2948 1602 3006 decedere,
1647 2946 1795 3015 quod
1827 2948 1876 2994 ei
1917 2963 2030 2995 non

253 3032 395 3079 erat3
443 3034 611 3088 quare
632 3020 938 3069 Daemones
982 3019 1222 3068 inridens
1268 3017 1403 3066 dicit
1446 3020 1670 3083 benigne
1714 3018 1910 3082 edepol
1931 3009 2029 3088 fa-

251 3089 368 3141 cis!
402 3119 473 3130 -·-
514 3107 591 3150 13.
630 3091 790 3139 immo
826 3101 887 3138 tu
932 3093 1145 3157 quidem
1181 3091 1417 3157 benigne
1455 3089 1602 3144 facis,
1649 3091 1745 3156 qui
1781 3089 2033 3137 vidulum

252 3160 434 3212 reddis
472 3189 545 3200 --
600 3161 992 3210 18.·conditum
1032 3163 1322 3210 inuentum
1372 3158 1462 3233 est.
1554 3160 1824 3209 Pacuvius
1879 3160 2031 3214 dicit,

252 3233 342 3283 ius
379 3231 670 3282 iurandum
705 3230 805 3279 effe
842 3233 1086 3290 mantile,
1130 3248 1239 3298 quo
1278 3229 1625 3299 quotidianae
1655 3246 1828 3280 noxae
1866 3243 2032 3279 exter-

252 3314 524 3374 gerentur.
597 3303 885 3353 Laberius:
928 3303 1062 3372 quid
1103 3303 1174 3353 est
1208 3304 1293 3352 ius
1330 3296 1658 3353 iurandum?
1694 3300 2030 3371 emplastrum
