2144 3554
293 191 406 252 352
997 186 1067 231 m
1130 185 1368 230 pensu

282 327 353 384 se,
394 324 535 394 qnasi
561 332 928 393 proxenetam.
1003 320 1172 370 Vocat
1209 335 1328 370 eam
1368 318 1521 390 Sag.=
1551 321 1611 379 ai,
1647 337 1714 370 ac
1748 339 1945 377 morem
1978 324 2065 373 illi

284 417 410 466 gere
444 424 515 434 --
578 397 655 453 ς6.
699 394 893 452 Toxilo
935 391 1064 449 dein
1114 392 1409 459 permittit,
1470 393 1751 459 exquirere
1793 394 2066 463 quidquid

285 470 466 526 vellet,
502 468 595 535 qui
640 466 865 533 propius
911 479 1028 512 eam
1065 463 1130 512 ad
1167 475 1447 512 emtorem·
1473 464 1620 528 adire
1667 463 1817 514 iubet
1853 492 1925 502 --
1986 483 2063 525 ³7·

284 541 416 592 vide
464 538 687 604 pneHa,>
722 545 786 584 vt
829 535 1142 599 ingrediare
1181 535 1420 601 primum
1457 533 1682 584 adcedas
1718 534 1785 584 ad
1822 531 2069 587 futurum

285 613 478 662 herum
508 602 813 682 auspicato,
839 622 906 653 ne
932 605 1066 673 quid
1100 604 1328 658 adcidat.
1364 604 1512 673 quod
1541 605 1670 654 mali
1697 607 1899 666 ominis
1929 606 2071 654 sit—-

287 681 558 734 Dordalus
596 695 754 732 vero,
815 677 1076 744 liquidum
1105 674 1180 747 est=
1205 669 1501 750 auspicium
1543 673 1758 734 dicens,
1805 677 2071 742 cupidita·

289 747 400 805 tem
455 748 635 819 prodit
681 750 798 797 eins
851 747 1178 815 potiundae,
1238 744 1328 796 seu
1372 748 1583 796 lucrum
1628 744 1899 814 spectans,
1959 746 2070 806 seu,

290 824 437 894 quod
476 838 528 871 v.
559 838 605 869 ις
655 817 961 887 prodiderat
998 820 1137 876 iarn,
1191 816 1438 866 lubidine
1480 815 1730 873 incensus
1756 845 1824 862 αν-
1869 826 1948 880 58.
1986 818 2073 868 ad-

288 895 780 947 cedentemautem
791 889 1092 941 Dordalum
1117 888 1416 939 concedere
1440 888 1669 951 Toxilus
1696 890 1863 943 iubet,
1897 888 2074 940 donec

290 965 521 1016 adducat
553 978 671 1011 eam
704 989 774 1010 --.-
811 970 875 1008 ὡς)
916 960 981 1008 ad
1021 965 1105 1009 62.
1148 975 1263 1008 non
1294 959 1555 1009 detrectat
1581 977 1683 1008 vna
1717 959 1905 1017 adesse,
1949 955 2074 1011 licet

291 1038 410 1105 Sag,
465 1051 601 1102 opus
654 1031 713 1088 id,
769 1029 868 1082 effe
920 1041 1145 1099 negaret
1185 1048 1257 1068 -—·
1322 1049 1404 1083 70.
1446 1047 1536 1090 71.
1567 1030 1797 1081 Toxilus
1834 1031 2075 1100 loquitur

288 1108 489 1158 secum.
525 1103 696 1161 *habet
728 1120 825 1152 cor
871 1102 1062 1153 callida
1105 1100 1191 1170 est.
1260 1100 1452 1151 Pseud.
1493 1119 1538 1160 3.
1574 1119 1614 1151 ι.
1646 1117 1692 1160 3.
1734 1103 1900 1151 corde
1950 1114 2074 1153 con-

289 1178 477 1247 spicio,
535 1173 690 1243 Epid.
731 1193 770 1231 ς.
794 1191 837 1234 3.
863 1192 906 1233 3.
933 1192 1028 1223 cor
1054 1170 1345 1240 sapientiae
1370 1201 1442 1210 —
1481 1173 1565 1231 76.
1591 1171 1831 1221 mensem
1865 1184 2075 1224 verten-

290 1262 395 1302 tem
437 1250 707 1315 integrum
739 1273 809 1283 --
846 1261 926 1307 79.
964 1246 1020 1293 in
1049 1244 1231 1293 culina
1267 1243 1333 1292 de
1360 1238 1618 1293 industria
1650 1244 1835 1311 inepte
1863 1243 2078 1313 respon·

293 1319 494 1376 dendo,
532 1312 851 1387 lepidisfime
884 1316 1143 1365 lenonem
1177 1313 1322 1364 ludit
1356 1341 1428 1352 ·--
1490 1318 1571 1365 86.
1609 1315 1778 1364 homo
1819 1317 1914 1383 qui
1934 1310 2078 1389 fuit,

290 1390 557 1444 mortuus.
631 1387 726 1436 Sic
767 1384 920 1453 Capt.
959 1403 1003 1444 3.
1040 1405 1082 1441 ζ.
1124 1403 1163 1435 1.
1203 1400 1293 1449 me
1332 1383 1519 1443 fuisse,
1573 1400 1734 1455 quam
1769 1387 1896 1444 effe,
1949 1389 2080 1436 mal·

291 1467 400 1515 lem
439 1475 539 1510 etc.
581 1487 652 1496 —-
701 1475 811 1517 104.
837 1454 896 1527 fi
927 1457 1112 1505 crebro
1156 1456 1319 1504 cades
1373 1455 1506 1504 fines
1545 1467 1599 1505 te
1640 1454 1815 1518 futui,
1857 1459 1989 1507 viris
2028 1471 2080 1508 te

290 1528 586 1605 praebebis
619 1555 686 1566 -
755 1532 867 1578 106.
911 1527 1070 1577 dabit
1105 1525 1349 1592 grandes
1387 1525 1544 1576 bolos
1588 1543 1787 1596 magno
1840 1529 1942 1577 tibi
1983 1530 2084 1578 erit

295 1607 688 1658 emolumento.

621 1708 711 1759 IN
775 1698 1048 1756 ACTVS
1105 1707 1204 1757 lv.
1276 1704 1625 1756 SCENAM
1689 1705 1750 1757 V.

410 1795 534 1871 ⁴2.st
572 1797 705 1866 quid
739 1782 897 1844 bonis
926 1805 1028 1842 etc.
1076 1792 1187 1858 vid.
1221 1792 1375 1861 Capt.
1413 1813 1454 1844 2.
1480 1811 1522 1842 2.
1563 1797 1672 1843 ¹08.
1709 1821 1782 1832 --
1833 1808 1882 1856 4.
1914 1787 2086 1868 Persa

294 1870 597 1939 Sagaristio,
634 1866 729 1937 qui
760 1880 912 1914 nunc
944 1864 1159 1914 Persam
1198 1876 1249 1913 te
1276 1865 1376 1914 else
1402 1865 1653 1914 mentiris
1677 1892 1748 1902 --
1799 1869 1847 1914 8.
1878 1882 1945 1913 ne
1968 1883 2084 1914 cum

298 1952 529 2008 argento
568 1950 668 1989 etc.
711 1954 780 1987 ne
817 1934 957 1986 solus
1001 1935 1250 2003 praedam
1282 1937 1423 1986 hanc
1456 1933 1680 1993 auferaS,
1721 1932 1809 1986 sed
1843 1951 1933 1986 me
1972 1951 2084 2002 par-

291 2015 521 2081 ticipem
558 2009 659 2061 effe
702 2009 851 2057 [inas.
906 2007 1017 2057 vid.
1058 2027 1098 2058 c.
1138 2024 1177 2056 ι.
1214 2024 1256 2068 ς.
1295 2036 1366 2044 —-
1436 2025 1508 2056 ιο.
1533 2007 1748 2072 praeda
1792 2009 1920 2057 leno
1958 2021 2086 2057 cum

295 2084 567 2154 sexaginta
604 2080 790 2137 minis),
829 2077 920 2130 seu
954 2079 1177 2135 talento,
1218 2077 1576 2147 progreditur.

603 2214 1029 2274 1N'ACTvs
1086 2217 1184 2269 lv,
1259 2218 1612 2271 scENAM
1652 2205 1768 2269 vr.

405 2328 450 2361 2.
479 2310 615 2378 quid
644 2313 693 2360 ei
723 2310 870 2359 numi
885 2302 1117 2383 sciunt?
1158 2308 1264 2356 hoc
1296 2306 1423 2357 effe:
1464 2323 1628 2374 quare
1654 2302 1882 2356 absunt?
1921 2319 2086 2355 nemo

296 2397 412 2433 non
450 2381 619 2430 videt.
691 2379 798 2429 Pro
828 2375 1021 2454 sciunt
1070 2379 1275 2447 placuit
1325 2376 1547 2445 quidem
1585 2374 1739 2452 fiunt
1789 2381 1824 2427 i.
1856 2393 1901 2425 e.
1953 2376 2086 2442 quid

298 2454 367 2502 de
402 2453 486 2501 his
530 2451 710 2502 numis
764 2448 883 2507 fiet,
942 2448 1064 2500 seu:
1126 2447 1259 2517 quid
1296 2450 1380 2498 his
1425 2444 1610 2498 numis
1662 2448 1783 2507 fiet3
1841 2459 1894 2496 et
1931 2445 2086 2500 versu
2133 2453 2139 2457 ’

296 2537 480 2583 tamen
529 2522 853 2584 3Dordalus
889 2519 1180 2589 respondet
1224 2519 1324 2577 ita,
1377 2533 1435 2570 vt
1460 2514 1652 2595 sciunt
1697 2519 1949 2571 videatur
1995 2537 2085 2570 au-

249 2612 253 2614 ‘
297 2593 518 2645 diuiffe:
575 2588 770 2667 sciunt
820 2611 1015 2650 emere,
1054 2583 1272 2662 facere.
1369 2591 1493 2642 Duo
1547 2593 1715 2652 numi¹
1762 2588 1886 2639 sunt
1932 2600 2085 2651 tetra-

298 2667 650 2722 drachmum,
699 2664 784 2712 seu
866 2676 1062 2713 natuor
1109 2661 1431 2723 drachmae,
1481 2660 1773 2713 duodecim
1821 2657 1978 2730 groffi
2014 2690 2086 2701 -

297 2756 348 2795 4.
392 2755 456 2785 ne
498 2753 602 2785 non
632 2728 738 2807 sat
785 2681 915 2809 effes
962 2734 1082 2784 leno
1123 2731 1198 2783 sat
1236 2731 1540 2796 ostenderes
1588 2735 1871 2784 auaritiam
1918 2729 2085 2781 sordi·

298 2806 581 2857 diffimam.
625 2806 795 2856 Citari
827 2805 894 2853 ad
927 2805 1077 2854 hunc
1101 2805 1283 2855 locum
1313 2801 1446 2855 solet
1474 2805 1600 2855 Ter.
1620 2805 1835 2854 Phorm.
1864 2821 1907 2862 3.
1935 2821 1977 2854 ς.
2004 2822 2081 2863 ις.

296 2898 365 2930 ne
396 2877 739 2944 parum-leno
752 2873 840 2948 fis
875 2877 1021 2944 quod
1054 2892 1180 2925 vero
1218 2874 1318 2924 est:
1354 2892 1423 2925 ne
1456 2893 1646 2945 parum
1682 2876 1871 2927 callere
1908 2874 2086 2924 videa·

297 2952 371 2999 ris
410 2963 578 2998 artem
619 2950 887 2998 iuuenum
927 2944 1341 2996 inescandorum
1378 2974 1449 2984 —-
1499 2964 1546 3008 9.
1581 2948 1728 2995 hunc
1770 2948 1825 2994 ιή
1867 2945 2080 2996 collum.

299 3020 558 3070 Gruterus
601 3019 707 3086 legi
741 3020 976 3069 malebat
1011 3018 1130 3067 huc.
1168 3017 1290 3068 cod.
1328 3016 1557 3074 Florent.
1600 3029 1652 3066 et
1682 3015 1843 3066 Paris.
1882 3018 2086 3067 habent

297 3093 490 3146 hane..
532 3089 639 3138 Sed
683 3102 736 3138 et
784 3088 939 3157 Capt.
980 3105 1029 3144 4.
1073 3109 1113 3145 3·
1149 3106 1192 3136 z.
1254 3087 1450 3155 legitur
1500 3086 1702 3145 collos,
1770 3099 1823 3135 et
1875 3088 2085 3136 ibidem

304 3180 349 3212 2.
385 3178 430 3210 2.
467 3177 578 3218 107.
617 3161 792 3210 collus
832 3189 900 3197 --
962 3158 1261 3209 Crumenas
1303 3172 1485 3208 autem
1521 3177 1550 3209 a
1588 3160 1730 3212 collo
1781 3159 2082 3227 pendentes

300 3232 577 3302 gerebant,
623 3249 677 3280 v.
710 3231 845 3280 Asm.
873 3247 915 3290 3.
945 3234 1088 3290 3.65.
1161 3228 1316 3297 Epid.
1347 3248 1385 3283 ς.
1410 3248 1452 3279 2.
1477 3247 1555 3290 ²4·
1614 3229 1778 3279 Truc.
1813 3251 1851 3279 ε.
1876 3247 1983 3286 1.7.
2013 3257 2084 3267 -

307 3320 386 3355 ιι.
427 3303 723 3352 mandatae
767 3299 1030 3371 epistolae.
1083 3301 1179 3350 alii
1214 3300 1484 3350 mandata
1518 3326 1591 3340 --
1663 3318 1718 3362 ¹⁴3
1757 3300 1826 3352 ad
1861 3317 1938 3364 17.
1983 3315 2083 3351 cur
