2144 3554
301 183 417 244 238
576 244 578 249 Α
883 187 953 231 m
1005 187 1570 235 mznarcnmonvm

294 344 404 379 non
435 317 569 395 fert
602 336 766 392 quem
806 321 948 372 hanc
994 322 1204 374 viderat
1246 319 1414 381 ferre,
1458 324 1851 381 Menaechmus
1897 333 2072 390 fuerat
2126 359 2128 361 ·

295 399 544 453 Soficles,
579 397 687 445 iam
716 408 846 444 vero
883 392 1079 445 obuius
1110 394 1500 446 Menaechmus
1534 401 1665 447 erat'
1687 398 1963 469 subreptus
2000 434 2071 449 --·-

297 490 380 522 ιι.
428 456 567 518 male
608 465 841 523 habeas,
893 466 1154 530 excipias,
1206 476 1397 514 tractes
1444 470 1698 518 maritum
1744 475 1883 522 idem
1927 481 2070 544 quod

278 536 499 620 semper
538 554 649 587 non
688 537 872 604 potuit
905 536 1102 584 mulier
1135 537 1241 586 hoc
1268 553 1380 585 non
1422 555 1578 606 aegre
1615 540 1777 599 ferre,
1835 561 1960 595 nani
2001 565 2073 598 ue

292 612 510 684 pessima
541 607 770 677 quidem
807 607 1000 655 mulier
1055 608 1193 656 mala
1249 607 1435 656 haberi
1483 611 1698 677 gaudet.
1790 615 2070 669 Vlcil'citur

290 685 462 755 igitur
502 699 551 745 4.
574 699 619 729 ι.
647 697 758 729 ιοο.
797 678 1081 727 hominem
1115 677 1465 746 inprudenter
1506 683 1866 753 veriloquum.

625 820 714 871 IN
780 818 1043 869 ACTVS
1096 820 1192 868 IV.
1279 820 1626 874 SCENAM
1659 826 1733 875 11.

396 892 673 944 Insontem
717 890 1010 940 Peniculus
1045 892 1475 943 Menaechmum
1519 893 1677 945 suum
1712 898 1826 946 Act.
1848 912 1892 956 3.
1925 893 1994 945 sc.
2021 912 2062 945 1.

286 965 659 1021 adcusauerat,
712 964 834 1031 qui,
882 959 1258 1013 inuitiffimum
1299 964 1348 1012 se
1396 966 1453 1014 in
1490 964 1609 1016 foro
1637 981 1907 1016 moratum
1945 966 2063 1024 else,

283 1038 388 1089 hac
418 1036 572 1087 [cena
601 1035 827 1083 ineunte
858 1037 1036 1083 narrat
1078 1061 1149 1071 —
1206 1052 1246 1083 1.
1272 1032 1419 1084 more
1445 1055 1595 1086 moro
1621 1036 1793 1095 stulto,
1835 1054 1862 1085 a
1884 1039 2062 1102 μωρός.

282 1111 375 1160 Sic
400 1109 553 1157 Trin.
573 1123 618 1167 3.
640 1122 683 1155 ι’.
701 1122 785 1166 43.
815 1121 968 1154 amor
1000 1119 1177 1154 mores
1203 1105 1497 1156 hominum
1530 1125 1713 1159 moros
1738 1121 1791 1157 et
1826 1101 2065 1180 morosos

282 1177 448 1230 efficit
481 1179 553 1216 --'·
594 1195 637 1237 3.
676 1176 869 1242 ‹iptimi
908 1177 1136 1225 maximi
1174 1179 1489 1242 optimates,
1535 1181 1629 1248 qui
1665 1180 1964 1248 plurimum
2005 1179 2065 1225 in

281 1269 341 1303 re
384 1249 600 1319 publica
647 1248 870 1316 pollent.
915 1247 1002 1299 vti
1050 1249 1245 1316 quique
1289 1251 1487 1314 optimi
1532 1252 1757 1300 maximi
1773 1246 1939 1324 sunt,
1989 1249 2063 1297 ita
2136 1244 2138 1247 ’

282 1339 482 1373 morem
518 1320 719 1369 habent
751 1319 891 1367 hunc
924 1323 960 1370 i.
989 1333 1035 1366 e.
1080 1319 1276 1387 optimi
1311 1321 1534 1369 maximi
1568 1337 1758 1372 omnes
1792 1323 1937 1370 hunc
1974 1320 2065 1367 ha—

275 1394 411 1443 bent
443 1407 655 1441 morem
690 1418 759 1427 -
798 1390 847 1438 6.
885 1405 971 1440 res
1004 1404 1134 1456 opes
1169 1418 1241 1428 -
1277 1406 1326 1452 9.
1352 1407 1429 1442 10.
1465 1393 1595 1440 mali
1627 1393 1715 1442 sed
1741 1392 1941 1441 diuites
1970 1392 2065 1458 qui
2143 1457 2144 1460 Ἴ

278 1482 450 1532 neque
489 1474 591 1512 etc.
636 1488 708 1500 --
753 1476 830 1509 11.
851 1452 1142 1540 sellicitos
1177 1471 1445 1526 patronos
1483 1464 1685 1513 habent
1719 1463 1786 1513 iis
1826 1479 1937 1510 nou
1972 1462 2062 1510 de-

276 1536 403 1587 sunt
459 1532 704 1600 patroni,
770 1547 867 1599 qui
933 1528 1145 1581 causam
1207 1549 1402 1581 eorum
1462 1531 1687 1584 sollicite
1750 1533 1934 1583 dicant
1989 1560 2059 1570 -

282 1625 365 1667 ις.
410 1623 558 1654 mens
597 1601 671 1677 ⁴st
719 1603 1048 1671 inqu-erelis
1091 1602 1232 1651 nihil
1282 1602 1429 1654 aliud
1479 1611 1642 1674 quam
1690 1599 1931 1674 querelas
1974 1619 2060 1653 co-

278 1679 455 1748 gitant
497 1703 567 1716 -·-·
629 1690 705 1736 ¹9.
742 1673 817 1731 acl
850 1673 1117 1742 populum
1163 1675 1223 1722 in
1265 1676 1505 1725 comitiis
1538 1705 1611 1714 —-
1658 1679 1712 1727 iu
1754 1678 1868 1725 iure
1915 1673 2058 1740 apud

269 1750 579 1799 Praetorem
607 1761 702 1814 pro
743 1744 1003 1813 tribunali
1037 1772 1110 1784 --
1148 1746 1225 1794 ad
1254 1747 1483 1795 iudicem
1514 1745 1601 1796 ‘vel
1625 1756 2057 1814 recuperatorem

268 1838 299 1871 a
338 1828 580 1889 praetore
619 1817 834 1870 datum.
888 1818 983 1866 vel.
1011 1816 1276 1866 arbitrum
1317 1833 1344 1865 a
1384 1813 1723 1886 litigantibus
1776 1820 1894 1887 iplis
1937 1833 2057 1885 cap-

267 1904 391 1942 tum
424 1918 497 1929 -—-
549 1907 629 1939 ιι.
667 1889 914 1937 adtinuit
955 1890 1014 1938 in
1038 1886 1148 1937 ¹suo
1193 1889 1416 1957 negotio
1458 1890 1682 1941 retinuit
1710 1891 1943 1939 detinuit
1986 1889 2053 1937 ab

268 1979 367 2020 eo,
405 1959 552 2030 quod
591 1956 700 2029 ipse
739 1972 950 2010 acturus
988 1975 1162 2016 eram,
1196 1971 1483 2011 auocatum
1521 1963 1701 2010 tenuit
1726 1990 1797 1998 -
1832 1979 1911 2018 ²3·
1953 1975 2052 2026 pro
2112 1962 2140 1979 ⁶

219 2075 221 2078 ,
263 2034 494 2102 proeliis
523 2030 786 2097 reperitur
816 2032 977 2081 lectio
999 2048 1103 2097 pro
1136 2031 1247 2080 eius
1279 2059 1350 2069 -
1387 2050 1466 2089 ις.
1502 2041 1716 2089 tortas,
1755 2025 2050 2103 confrago-

249 2101 358 2183 sas
406 2102 685 2158 obscurae„
732 2102 1007 2170 perplexas
1044 2129 1116 2139 —
1151 2119 1248 2170 pro
1289 2112 1387 2152 aut
1425 2118 1551 2153 cum
1579 2104 1846 2153 ‘Salmafio
1892 2099 2050 2170 posui

262 2177 416 2226 haud
443 2203 514 2213 —-
560 2191 638 2229 ις.
665 2176 741 2221 ιδ.
778 2172 970 2242 iunge:
1015 2173 1167 2222 haud
1203 2174 1374 2222 multo
1417 2175 1547 2240 plus
1586 2186 1684 2225 aut
1716 2177 1885 2223 minus
1927 2175 2048 2237 (mi-

262 2251 489 2312 nusue),
535 2243 694 2313 'quam
735 2261 875 2310 opus
909 2255 1048 2301 erat,
1096 2260 1257 2312 quam
1302 2242 1628 2313 paucissimis
1665 2246 1888 2317 quidem
1930 2244 2047 2293 fieri

259 2328 472 2390 poterat
494 2313 916 2388 controuersiam
945 2312 1201 2382 (causam)
1230 2316 1480 2365 dixeram
1508 2315 1764 2365 suaseram
1787 2345 1856 2354 -
1884 2334 1961 2374 ²7·
1978 2322 2049 2365 vt

245 2387 396 2467 spon
422 2406 474 2438 ιο
494 2386 664 2462 fieret
701 2399 760 2436 vt
790 2386 1165 2444 iureiurando
1189 2399 1242 2436 et
1267 2387 1555 2453 praedibus
1590 2387 1852 2458 stipulatio
1887 2386 2042 2437 fieret
2117 2376 2137 2389 ”

257 2463 526 2532 pecuniae
561 2458 625 2507 ab
669 2472 765 2514 eo,
804 2458 896 2526 qui
932 2456 1087 2523 causa
1133 2457 1374 2514 caderet,
1410 2458 1698 2511 soluendae
1734 2488 1805 2498 —-
1850 2465 1927 2508 28.
1960 2475 2036 2518 ,9.

233 2552 345 2595 >30.
385 2543 439 2581 et
480 2532 549 2580 fic
586 2529 755 2585 cliens
796 2545 950 2578 meus
992 2526 1156 2580 hodie
1200 2528 1424 2598 quidem
1479 2529 1671 2599 effugit
1718 2550 1813 2579 nec
1863 2531 2038 2595 magis

255 2596 598 2676 manifestum
626 2617 733 2664 ego
769 2601 1037 2650 hominem
1068 2617 1319 2666 vmquam
1345 2601 1515 2657 vllam
1542 2604 1716 2651 teneri
1746 2603 1868 2651 vidi
1908 2603 2036 2650 licet

251 2689 558 2742 numquam
585 2687 742 2719 reum
779 2671 1007 2719 viderim
1049 2668 1376 2720 manifestius
1425 2673 1524 2722 effe
1562 2675 1878 2724 conuictum
1928 2691 2036 2720 om·

251 2748 411 2800 nibus
448 2735 759 2813 malefactis
804 2740 1116 2815 tess'esjres
1160 2742 1689 2796 aderantacerrimi
1726 2746 1928 2811 quippe
1973 2746 2034 2792 in

250 2819 409 2870 cuius
449 2811 727 2880 malefacta
768 2813 966 2881 lingula
997 2812 1139 2867 terni
1175 2814 1478 2865 citabantur
1511 2814 1660 2865 testes
1690 2813 1796 2863 fide
1832 2814 2034 2882 dignis-

248 2890 367 2938 fimi
393 2914 464 2924 —-
501 2905 585 2946 40.
612 2884 899 2951 pecuniam
928 2881 1134 2934 sumere
1145 2876 1413 2955 fenerato
1445 2884 1546 2937 est:
1585 2887 1776 2955 grandi
1815 2884 2030 2936 feneret

245 2960 301 3020 h.
318 2961 352 3008 l.
378 2958 576 3026 pallam
601 2949 1139 3026 abstulistifenerato
1166 2971 1360 3023 magno
1390 2967 1484 3006 tuo
1510 2960 1651 3007 malo
1674 2986 1744 2996 —-
1762 2956 1839 3027 fic
1862 2959 2030 3007 datur

243 3027 635 3096 triumphantis
665 3024 761 3073 est:
805 3027 874 3074 fic
906 3026 1190 3076 abstuleris
1214 3027 1351 3074 mihi
1380 3029 1589 3094 pallam,
1618 3042 1676 3079 vt
1709 3028 1838 3078 furti
1863 3030 2028 3079 huius

240 3115 447 3171 poenas
492 3098 631 3146 mihi
678 3097 771 3145 des
810 3094 1149 3163 grauiffiman.
1244 3097 1476 3158 Poems.
1502 3116 1612 3156 5.7.
1650 3101 1841 3157 miles,
1893 3100 2026 3168 post-

241 3189 405 3242 quam
440 3168 593 3226 dixit,
631 3168 803 3232 probe
836 3167 886 3215 se
923 3169 1159 3217 vlturum
1185 3169 1390 3217 minam
1419 3169 1602 3218 lenoni
1635 3171 1833 3227 datam.
1873 3172 2025 3230 addit

219 3242 313 3316 sic
360 3241 557 3291 dedero
603 3265 675 3275 -—-
739 3245 820 3296 46.
875 3235 972 3359 nili
1016 3257 1211 3296 vnum,
1260 3239 1417 3303 palla
1472 3241 1739 3304 pallorem
1791 3242 2021 3292 incutit-¹

238 3315 391 3365 Haec
415 3310 581 3363 verba
606 3308 892 3365 tribuenda
940 3320 1040 3362 unt
1057 3310 1318 3363 Peniculo
1344 3311 1626 3363 inridenti.
1661 3313 1768 3364 Alii
1795 3313 2020 3382 quidem
