2144 3554
260 165 377 230 258
692 183 693 186 ’
772 170 853 214 -IN
898 169 1157 213 M1L1T18
1204 170 1519 217 GLomost

256 325 389 358 vero
437 304 731 357 Charisius:
789 322 877 359 mu
919 320 1117 354 canum
1153 303 1250 363 est,
1309 305 1455 356 vnde
1493 306 1750 360 dicuntur
1794 316 2028 375 muttire,

257 380 388 430 ficut
424 377 518 445 γρῦ
553 393 863 446 porcorum,
905 374 1046 424 vnde
1083 378 1356 443 grunnire.
1429 377 1506 427 Vt:
1530 395 1660 430 vero
1710 398 1906 432 canum
1947 405 2032 435 mu

218 463 219 466 ’
255 451 541 517 praeuium
576 447 646 498 est
683 448 822 496 claro
856 447 1100 503 latratui,
1141 447 1207 510 fie
1236 449 1331 515 qui
1356 446 1624 500 susurran't
1665 452 1916 503 homines
1954 455 2031 504 di.

255 534 455 571 cuntur
486 521 704 567 muttire
728 546 799 555 —
854 524 935 576 84.
976 518 1110 565 dato
1144 517 1453 583 tortoribus(
1479 533 1688 586 egomet
1724 525 1920 574 dedam
1951 543 2033 575 me

254 593 357 642 tibi
399 607 487 639 me
527 605 640 640 non
671 586 946 638 recusante
976 615 1046 624 -
1084 592 1165 651 89.
1195 604 1278 651 90.
1319 592 1480 639 etiam
1510 591 1669 652 illud,
1703 597 1849 661 quod
1861 589 2047 667 scies,⁴

255 682 321 713 ne
350 663 572 717 ciueris,
625 678 690 709 ne
738 659 980 716 videris,
1036 660 1182 725 quod
1227 661 1452 712 videris.
1509 679 1623 713 non
1672 666 1790 715 vult
1851 669 2028 725 senex,

251 735 483 783 m1litem
519 733 672 780 omni
696 747 755 779 ea
798 729 864 778 de
903 746 961 778 re
994 727 1110 777 fieri
1145 732 1465 790 certiorem,
1489 733 1876 787 Sceledrumue
1901 754 2027 788 con-

248 802 418 855 seruis
474 801 776 870 quidquam
826 800 892 849 de
939 815 998 848 ea
1042 816 1273 850 narrare.
1337 803 1460 853 Ter.
1502 805 1641 865 Eun.
1677 825 1725 869 4.
1757 825 1804 868 4.
1841 811 1924 869 64.
1967 821 2029 858 tu

250 877 374 945 P⁰l⁹
415 875 447 922 fi
483 870 649 941 sapis,
689 872 834 940 quod
866 870 999 927 scis,
1038 869 1210 922 nescis
1239 899 1312 910 —·-
1347 888 1430 934 92.
1472 894 1537 923 ne
1572 895 1651 925 me
1691 882 1908 929 noueris
1940 896 2027 938 ne,

249 947 285 995 fi
317 961 404 995 me
429 943 573 993 nosse
612 943 774 1000 dicem,
812 943 877 991 ad
917 942 1243 993 narrandum
1277 944 1384 994 hoc
1414 949 1699 1014 negotium
1734 949 2026 1017 inpruden-

248 1030 330 1068 ter
372 1014 607 1066 deferare
638 1043 709 1053 —
759 1030 841 1077 97.
881 1034 961 1063 me
991 1014 1190 1063 habent
1224 1015 1470 1065 venalem
1511 1015 1755 1069 securum
1806 1020 2028 1071 reddere

247 1091 395 1146 vult,
463 1098 524 1135 vt
574 1103 638 1136 eo
703 1087 899 1135 certius
954 1101 1043 1133 me
1103 1086 1162 1133 in
1218 1084 1474 1154 potestate
1528 1086 1617 1140 sua
1679 1090 1912 1141 habeant
1956 1121 2029 1131 —-

245 1165 330 1225 98.
359 1153 527 1233 naffa.
598 1155 802 1208 Festus:
854 1155 925 1205 est
963 1156 1233 1224 piscatorii
1264 1158 1396 1206 vasis
1435 1174 1633 1227 genus,
1675 1178 1814 1228 quo,
1855 1181 2024 1231 quum

246 1232 473 1281 intrauit
514 1228 694 1298 piscis,
748 1229 892 1277 exire
928 1244 1042 1277 non
1076 1226 1246 1295 potest
1279 1257 1352 1266 —
1417 1248 1528 1279 100.
1564 1232 1690 1281 Ter.
1727 1234 1952 1301 Adelph.
1978 1252 2022 1288 ς.

247 1305 297 1354 6.
333 1321 411 1352 10.
449 1303 575 1351 dum
594 1293 972 1373 haestlqscunt
995 1299 1190 1348 turbae
1218 1329 1290 1337 —
1334 1316 1444 1350 τοι.
1473 1301 1595 1368 ,post
1626 1303 1834 1354 leniunt
1866 1304 2023 1374 posui

243 1375 453 1443 figmlm
494 1373 891 1438 interrogandi,
950 1386 1077 1419 nam
1128 1386 1212 1433 99.
1258 1363 1546 1439 aufugiam
1597 1391 1710 1424 non
1757 1375 2022 1435 futurum,

241 1443 353 1503 sed,
389 1455 451 1494 vt
496 1459 561 1491 ex
591 1440 750 1491 versu
792 1459 878 1490 102
924 1441 1160 1509 adparet,
1202 1439 1555 1492 consultantis
1595 1443 1665 1493 e'st
1704 1475 1775 1485 —-
1821 1447 1879 1499 τᾶ
1909 1450 2022 1497 iam

242 1513 568 1582 interposuit
601 1513 859 1562 Gruterus
880 1541 952 1549 -—
991 1528 1086 1570 104
1113 1511 1179 1560 ad
1214 1530 1261 1571 7.
1296 1514 1633 1582 Ambiguitas
1675 1516 1744 1564 est
1767 1519 1830 1566 oin
1856 1520 2022 1570 verbo

224 1582 434 1663 sapere
466 1615 537 1624 --
599 1601 710 1643 104.
752 1583 835 1632 sus
878 1583 1005 1631 viua
1045 1582 1188 1631 nihil
1229 1580 1382 1652 sapit,
1419 1598 1612 1635 neutro
1653 1588 1805 1637 verbi
1850 1587 2033 1645 sensu,

239 1652 422 1733 obcisa
454 1669 636 1706 autern
675 1653 856 1723 sapore
898 1653 1140 1704 iucundo
1184 1652 1282 1711 est,
1319 1655 1447 1720 plus
1479 1657 1648 1707 multo
1678 1676 1804 1728 prae
1840 1662 2023 1711 multis

241 1731 360 1780 aliis
400 1728 666 1779 carnibus.
697 1754 768 1763 —-
833 1742 942 1785 105.
972 1726 1062 1775 Sic
1094 1724 1379 1776 Sceledrus
1410 1724 1559 1777 suam
1612 1731 1670 1778 in
1706 1747 1822 1780 rem
1868 1730 2021 1801 sapit,

240 1819 400 1872 quum
439 1801 748 1855 inducatur,
785 1815 850 1846 ne
883 1797 960 1854 id,
1001 1797 1146 1864 quod
1178 1798 1344 1855 vidit,
1389 1799 1597 1848 viderit
1633 1828 1705 1837 —-·
1758 1806 2017 1864 106.‚107.

239 1875 334 1944 qui
372 1870 581 1923 obcisus
619 1867 705 1924 est,
745 1886 867 1916 nam
894 1868 1042 1916 illius
1066 1868 1209 1917 oculi
1236 1879 1401 1936 atque
1425 1889 1601 1929 aures,
1640 1882 1804 1941 atque
1837 1875 2022 1937 opinio
2067 1918 2071 1923 l

240 1935 596 2014 transfugere
632 1940 708 1988 ad
735 1957 830 1988 nos
867 1938 1071 1994 victure,
1111 1938 1310 1987 audiffe
1347 1938 1396 1989 se
1435 1943 1703 2010 opinatur,
1745 1961 1880 2013 quae
1916 1962 2017 1994 nos

237 2017 511 2067 volumus.
587 2011 908 2077 Scioppium
943 2009 1196 2079 sequutus
1224 2027 1323 2078 pro
1358 2014 1720 2063 manducatur
1747 2014 1904 2082 posui
1942 2019 2019 2065 in-

238 2088 474 2140 ducatur
494 2112 566 2122 --
589 2099 606 2131 ι
625 2099 640 2132 ι
660 2100 669 2129 ι
687 2120 698 2131 .
702 2075 938 2157 senatus
954 2083 1143 2130 haberi
1167 2081 1234 2130 de
1250 2083 1638 2134 Philocomasio
1661 2086 2018 2136 liberanda-

243 2178 265 2210 1
283 2177 360 2209 ιι.
389 2173 485 2224 pro
513 2154 625 2203 illis
633 2147 843 2227 sortito
846 2145 1019 2224 fuam
1035 2153 1269 2220 Lipfium
1297 2151 1573 2222 sequutus,
1605 2158 1841 2225 antiquis
1865 2158 2015 2209 libris

238 2241 293 2280 et
325 2227 534 2277 iudicio
574 2225 757 2282 vsum,
806 2222 965 2291 posui
1007 2224 1236 2274 mulctae
1274 2218 1520 2295 fortuito
1538 2220 1730 2298 fuam.
1803 2231 2015 2279 locatur

234 2301 386 2356 enim
413 2297 599 2346 senex:
637 2295 726 2344 ibo
761 2295 907 2344 intro
934 2298 993 2344 iu
1025 2297 1175 2345 hunc
1207 2293 1471 2353 senatum,
1522 2315 1591 2347 ue
1632 2298 1768 2350 forte
1807 2300 2016 2352 absenti

231 2373 437 2423 mulcta
478 2371 786 2433 inponatur.
858 2365 1016 2434 Apud
1039 2367 1312 2418 Romanos
1348 2368 1568 2437 quidem
1612 2367 1869 2429 senatori,
1919 2375 2014 2440 qui

231 2441 444 2496 abeffet.
480 2438 682 2488 mulcta
716 2436 992 2488 interdum
1019 2437 1318 2496 dicebatur,
1351 2449 1406 2487 et
1433 2439 1634 2490 Consul
1669 2443 1751 2492 ius
1782 2444 2016 2495 habebat

230 2514 474 2586 pigneris
509 2507 778 2578 capiendi.

252 2625 254 2627 ’
569 2645 657 2697 IN
716 2645 989 2696 AeTvs
1045 2645 1151 2695 111.
1225 2644 1575 2696 scENAM
1624 2649 1665 2698 1.

279 2770 284 2773 μ
333 2734 380 2780 3.
419 2718 618 2786 Scripti
666 2730 719 2767 et
778 2719 990 2785 antiqui
1038 2715 1171 2766 editi
1217 2716 1421 2766 habent
1467 2720 1778 2777 concilium,
1847 2736 2009 2788 quare

210 2783 408 2842 'nolim
443 2790 812 2849 Camerarium
856 2787 1033 2856 sequi,
1071 2799 1376 2852 mutantem
1416 2790 1674 2848 concilio,
1726 2788 1818 2840 sed
1852 2792 2007 2841 intel-

226 2863 509 2932 ligendum
555 2859 652 2910 est:
712 2878 778 2908 ne
821 2862 1038 2925 vspiam
1082 2855 1307 2932 irfidiae
1337 2858 1492 2931 fiant
1540 2861 1801 2917 concilio,
1862 2864 2011 2930 quod

227 2933 510 2985 concilium
540 2942 642 2980 ete.
678 2958 750 2968 —-
801 2948 851 2989 4.
878 2948 920 2991 ς.
957 2931 1207 2998 allegoria
1245 2947 1274 2978 a
1316 2946 1372 2979 re
1413 2931 1653 2981 militari.
1727 2932 2007 2984 Acidalius
2087 3000 2090 3003 ,
2131 2936 2136 2945 '

225 3006 542 3056 alterutrum
568 2999 779 3052 versum
812 2999 1058 3070 spurium
1092 3000 1191 3050 effe
1218 3011 1387 3069 putat.
1425 3000 1571 3050 haud
1600 3002 1837 3068 multum
1863 3018 2007 3055 certe

226 3074 505 3131 differunt,
547 3091 594 3132 4.
621 3089 691 3121 ne
732 3074 964 3123 consiliis
994 3069 1185 3121 nostris
1215 3082 1402 3122 contra
1434 3089 1535 3122 nos
1575 3086 1826 3131 armetur,
1877 3092 1919 3135 ς.
1949 3077 2002 3135 fi,

224 3164 363 3214 quae
394 3135 894 3201 coufflhauerimfis,
937 3141 1226 3212 sublegerit
1250 3171 1320 3180 —-
1368 3159 1416 3205 9.
1457 3153 1579 3192 cate
1615 3145 1763 3194 locus
1794 3147 2002 3196 Palme·

186 3220 336 3268 rius
375 3216 553 3286 posuit
585 3231 685 3282 pro
733 3216 993 3281 catalogo
1034 3213 1179 3284 quod
1217 3212 1335 3264 Mff.
1377 3225 1430 3262 et
1470 3225 1578 3264 ant.
1618 3214 1740 3274 edd.
1779 3217 1998 3267 habent.
2039 3247 2053 3255 >2

222 3289 503 3341 Salmasius
534 3285 743 3337 mauult
767 3286 902 3338 κατοῐ
938 3284 1088 3347 λόγον
1114 3312 1184 3324 ——-
1228 3301 1306 3349 14.
1338 3286 1553 3335 attritae
1577 3287 1798 3354 plagae,
1825 3304 1994 3357 aurea.
2047 3347 2049 3349 ¹
