2144 3554
223 181 341 237 206
852 195 925 239 m
980 193 1371 238 naccmnvm

227 349 341 381 100.
383 342 536 398 rogat
585 338 878 384 veterator,
929 324 1189 395 scriptum
1238 345 1309 379 ne
1353 328 1439 387 fit,
1496 330 1645 398 quod
1682 331 1793 401 ipse
1837 333 1999 386 scribi

219 399 391 453 iusfit!
429 429 500 439 --
560 416 672 451 110.
711 401 950 449 diuidiae
967 392 1152 471 suant
1189 416 1257 449 ne
1302 403 1558 469 grauerss,
1597 404 1699 452 hos
1737 402 1998 456 ducentos

217 474 499 542 Philippos
538 473 679 520 mihi
709 470 832 521 dare
861 467 975 521 Cas.
1003 489 1047 519 2.
1078 489 1121 519 2.
1150 489 1166 520 1
1188 490 1225 520 ι.
1252 500 1324 511 -
1369 490 1480 535 114.
1509 475 1702 542 Neque
1727 493 1825 540 ego
1851 477 1998 526 haud

218 543 355 594 duae
414 544 728 612 negationes
776 541 951 609 magis
1012 542 1102 591 hic
1161 556 1389 611 negant,
1449 561 1604 594 more
1650 545 1995 597 Graecorum.

218 614 309 664 Sic
344 613 502 681 Epid.
536 631 577 665 ς.
617 630 658 663 1.
697 630 774 674 57.
830 630 997 679 neque
1038 612 1128 661 ille
1167 615 1318 663 haud
1367 615 1594 665 obiiciet
1644 617 1802 666 mihi.
1859 617 1994 668 ibid.

215 702 266 748 4.
306 705 344 735 ι.
374 690 421 734 6.
470 701 637 751 neque
675 699 824 731 nunc
870 676 1046 756 nescio
1082 696 1182 735 etc.
1234 713 1304 723 --
1365 683 1560 757 122.fi
1608 688 1809 736 etiamsi
1867 689 1998 752 plus

216 757 395 807 adbuc
431 771 592 823 quarn
645 753 867 807 ducenti
902 754 1146 822 Philippi
1179 757 1521 821 perdundum
1536 753 1650 829 fit,
1688 755 1906 832 per-isse
1939 759 1998 808 id

213 830 331 878 auri
352 823 589 901 fitauius
637 837 817 875 tamen
857 823 986 899 fis
1018 843 1172 893 quam
1215 837 1316 875 etc.
1356 855 1428 869 -ψ-
1494 845 1543 877 ιι
1556 845 1602 886 5.
1640 826 1998 904 dispaleefi·ere

211 901 391 968 palam
444 895 597 953 fleri,
643 898 701 944 in
746 896 941 964 vulgus
979 911 1325 945 emanare—
1390 915 1501 957 130.
1539 916 1792 962 proceres
1835 903 1995 951 Grae-

210 972 328 1021 ciae
377 969 432 1018 h.
456 970 487 1017 1.
534 968 748 1023 literae,
807 984 936 1036 quas
991 968 1162 1019 adtuli
1217 984 1242 1016 a
1291 965 1402 1018 filio
1449 997 1521 1005 ——
1586 985 1696 1028 134.
1732 972 1995 1021 turbellas

210 1041 411 1091 turbas.
484 1037 771 1095 Meurfius,
815 1052 876 1089 vt
922 1055 950 1087 a
986 1033 1182 1112 fienda
1231 1037 1302 1089 est
1327 1034 1597 1113 suadela,
1659 1040 1727 1087 fic
1766 1059 1795 1090 a
1832 1043 1996 1091 turba

210 1111 369 1163 scribi
412 1110 531 1160 vult
563 1108 779 1160 turbela
815 1139 886 1147 --
934 1128 1041 1172 ¹4¹·
1088 1112 1325 1161 moraris
1363 1126 1454 1160 me
1495 1122 1890 1178 properantem.
1925 1141 1995 1151 --

214 1198 330 1246 144.
368 1182 630 1234 Curatum
674 1190 748 1231 et
799 1181 963 1238 dicit,
1026 1179 1149 1230 sene
1199 1181 1394 1231 adhue
1430 1181 1711 1238 audiente,
1777 1181 1996 1233 auersus

208 1264 390 1303 autem
424 1250 590 1310 addit,
632 1272 656 1301 e
706 1250 732 1299 ὲ
769 1262 823 1300 te
833 1247 1019 1326 senem
1046 1247 1394 1327 miserrimum
1425 1281 1496 1290 —
1543 1269 1655 1313 147.
1680 1253 1830 1311 vrbe,
1866 1271 1996 1305 cum

204 1324 373 1376 salute
408 1320 596 1382 nostra,
640 1337 808 1393 capta,
852 1325 888 1373 i.
913 1341 959 1374 e.
1012 1339 1139 1374 auro
1174 1336 1500 1392 expugnatu,
1550 1335 1611 1373 vt
1647 1320 1779 1374 salui
1813 1325 1991 1377 fimuS.

528 1426 616 1478 IN
683 1425 958 1475 ACTVS
1022 1426 1117 1475 IV.
1192 1424 1545 1475 SCENAM
1606 1427 1666 1476 X.

311 1517 361 1550 2.
406 1493 654 1575 inscitum
700 1508 862 1547 vocat
893 1495 1085 1554 filium,
1143 1496 1285 1564 quia,
1328 1495 1476 1565 quod
1516 1509 1720 1563 peccat,
1758 1501 1891 1556 non,
1930 1513 1994 1550 vt

204 1571 317 1641 ipse
359 1571 494 1620 olim
538 1568 756 1625 fecerat,
792 1585 846 1616 v.
867 1587 914 1629 4.
949 1585 1095 1617 more
1135 1567 1286 1614 mode
1313 1579 1387 1625 ιο,
1425 1579 1485 1615 vt
1519 1566 1694 1617 famae
1729 1568 1989 1629 consolat,

205 1654 259 1692 et
293 1658 408 1694 non
444 1658 497 1690 v.
518 1645 566 1690 6.
606 1657 732 1688 raro
776 1641 981 1708 peceat,
1021 1651 1248 1703 ne‘pror
1272 1654 1335 1687 us
1367 1650 1755 1706 conrumpatur
1787 1653 1990 1707 pereat·

203 1731 310 1782 que
341 1741 412 1751 -
470 1728 512 1773 ς.
540 1710 819 1777 placitant
853 1711 1070 1778 placent
1094 1737 1165 1747 —-
1226 1727 1275 1767 7.
1314 1710 1447 1758 dare
1484 1710 1781 1761 concedere
1826 1724 1989 1780 gnato

200 1785 403 1842 ludum,
440 1793 502 1831 vt
529 1794 688 1831 amet.
763 1782 924 1849 Apud
957 1781 1156 1840 Hor.3.
1196 1779 1283 1830 od.
1312 1798 1387 1828 12.
1429 1798 1548 1830 v.1.
1593 1783 1772 1830 amori
1803 1782 1988 1833 ludum

199 1856 335 1905 dare
372 1853 441 1903 est
472 1853 650 1923 ipsum
685 1855 856 1903 amori
891 1851 1172 1920 indulgere
1197 1879 1268 1887 —
1308 1857 1355 1899 8.
1385 1866 1433 1911 9.
1462 1852 1586 1900 nolo
1616 1849 1848 1924 desidiae
1875 1873 1988 1902 eum

199 1928 336 1977 dare
373 1926 557 1976 ludum
594 1933 707 1973 no'n
746 1924 936 1992 patiar,
985 1939 1207 1973 omnem
1258 1920 1523 1982 deditum,
1548 1923 1647 1972 ess'e
1691 1922 1986 1983 amoribus,

195 1999 338 2048 nihil
376 2013 506 2054 eum
541 1994 711 2054 aliud,
750 2012 914 2063 quam
949 1995 1121 2044 amori
1153 1991 1437 2062 indulgere
1467 2022 1539 2031 —
1589 2011 1636 2058 9.
1665 1996 1815 2064 quod
1840 2014 1985 2046 man·

195 2070 342 2119 dani.
387 2086 434 2132 3.
467 2086 513 2130 3.
545 2084 630 2132 90.
1254 2083 1257 2085 ·
1319 2067 1333 2092 s

543 2169 630 2219 IN
696 2164 967 2216 ACTVS
1025 2167 1084 2216 V.
1170 2162 1519 2216 SCENAM
1575 2167 1615 2215 Ι.

312 2257 356 2290 1.
382 2238 494 2309 sqq.
541 2239 609 2291 cf.
633 2240 759 2288 Ter.
789 2238 983 2287 Heaut.
1025 2254 1068 2298 ς.
1107 2254 1122 2286 1
1153 2237 1261 2305 sqq.
1310 2254 1408 2301 ego
1440 2255 1522 2285 me
1555 2256 1665 2287 non
1694 2248 1812 2288 tam
1843 2237 1982 2313 astu-

193 2322 308 2363 tum
342 2324 443 2362 etc.
485 2340 556 2350 -—·
595 2329 639 2360 2.
676 2308 936 2360 Isidorum
976 2309 1037 2358 L.
1066 2324 1139 2358 ιο.
1181 2308 1393 2376 sequuti
1429 2309 1501 2358 ita
1535 2308 1890 2378 distinguunt,
1926 2325 1986 2362 vt

176 2382 394 2459 stultus
438 2383 523 2440 fit,
581 2382 677 2451 qui
731 2385 917 2448 inepte
967 2391 1021 2428 et
1067 2379 1424 2446 inprudenter
1462 2381 1579 2448 ,agit
1625 2394 1678 2429 et
1719 2381 1981 2449 loquitur,

178 2453 428 2530 stolidus
481 2453 647 2502 hebes
710 2465 762 2501 et
805 2465 1036 2507 vecors,
1069 2442 1280 2520 fatuus
1332 2450 1428 2518 qui
1492 2447 1722 2500 omnino
1772 2452 1978 2519 desipit.

192 2526 339 2575 Mihi
393 2526 615 2593 quidem
670 2521 858 2579 senex,
917 2519 1027 2588 ipse
1078 2519 1170 2569 libi
1214 2523 1407 2578 iratus,
1462 2524 1714 2573 conuicia
1764 2523 1982 2573 videtur

192 2590 484 2654 cumulare,
519 2607 584 2645 vt
617 2596 674 2643 in
699 2605 943 2643 mentem
980 2602 1258 2648 venerant,
1297 2607 1408 2642 non
1450 2608 1657 2651 carane,
1698 2589 1980 2646 diuersane

193 2668 519 2736 singulorum
548 2667 632 2716 vis
670 2667 755 2722 fit,
804 2681 871 2711 an
902 2665 1141 2733 plurium
1193 2662 1399 2712 eadem.
1426 2692 1497 2701 -—-
1554 2665 1758 2715 bardus
1796 2667 1986 2715 tardus*

192 2738 354 2807 Epid.
386 2757 430 2799 3.
462 2756 506 2797 3.
535 2755 618 2798 40.
655 2765 726 2773 —-—
774 2735 998 2784 blennus
1045 2732 1316 2792 mucosus,
1350 2734 1630 2802 paedidns,
1671 2735 1725 2784 h.
1749 2737 1782 2784 l.
1818 2734 1976 2804 stupi-

194 2810 312 2866 dus,
352 2826 379 2860 a
417 2810 616 2870 βλέννοι
653 2822 847 2856 mucus
877 2835 946 2843 —-
981 2806 1144 2855 bucco
1181 2803 1297 2854 lfid.
1337 2805 1369 2853 l.
1387 2806 1420 2854 1.
1458 2807 1716 2874 garrulus,
1758 2809 1855 2875 qui
1892 2825 1975 2858 ce·

190 2890 333 2931 teros
365 2881 472 2931 oris
510 2880 854 2947 loquacitate,
896 2893 1011 2927 non
1047 2875 1218 2932 sensu,
1257 2874 1535 2943 exsuperat
1567 2905 1638 2914 --
1675 2893 1724 2937 4.
1756 2897 1837 2926 me
1874 2881 1978 2928 hoc

193 2954 397 3002 aetatis
431 2947 633 3007 senem,
683 2962 736 2999 at
772 2968 824 2999 v.
850 2966 927 3010 ¹4·
968 2947 1173 3005 ludum,
1213 2947 1305 2996 alii
1338 2947 1501 2999 ludos
1526 2941 1756 3018 factum
1799 2949 1976 2998 ludifi-

190 3034 374 3074 catum
407 3021 506 3070 effe
534 3047 620 3072 --.
646 3038 689 3081 ς.
723 3038 899 3088 quam,
928 3031 1059 3077 tam,
1090 3034 1198 3087 quo
1237 3035 1318 3069 eo.
1351 3046 1423 3056 --
1474 3035 1610 3067 vror
1640 3021 1866 3076 crucior,
1904 3022 1974 3070 ob

190 3109 251 3142 ea
291 3110 430 3162 quae
452 3119 524 3129 --—
573 3093 620 3139 6.
647 3092 893 3144 omnibus
936 3090 1198 3156 exemplis
1236 3086 1415 3138 modis
1438 3116 1509 3126 ——-
1547 3105 1594 3153 9.
1618 3092 1889 3158 ‚redtondit
1915 3105 1975 3141 vt

188 3183 240 3214 v.
265 3182 341 3219 ις.
380 3178 509 3213 auro
540 3164 787 3211 emunxit
816 3190 886 3198 —-—
942 3179 1018 3211 12.
1057 3160 1316 3228 reliquum
1349 3161 1409 3208 id
1447 3156 1809 3230 aurifex-tum
1856 3163 1973 3211 red·

189 3234 431 3285 (lendum
473 3235 528 3282 ei
566 3231 747 3290 fuiffe,
801 3233 835 3281 fi
870 3232 1101 3283 Bacchis
1143 3231 1367 3280 domum
1416 3231 1608 3280 reuehi
1655 3241 1874 3300 cuperet
1901 3262 1973 3271 -

192 3324 272 3366 13.
311 3307 460 3374 quod
502 3298 800 3377 peracefcit
847 3299 1246 3353 acerbisfimum
1293 3302 1432 3350 mihi
1480 3300 1550 3350 est
1586 3331 1656 3341 -—-
1718 3322 1794 3364 ις.
1837 3322 1971 3353 auro

188 3387 485 3427 emunctam
516 3371 669 3444 supra
694 3390 809 3440 44.
845 3392 925 3438 50.
973 3389 1264 3442 emungam
1295 3374 1583 3424 hominem
1615 3375 1802 3442 probe.
1844 3376 1967 3424 Ter.
