<?xml version="1.0" encoding="UTF-8"?>
<!DOCTYPE html PUBLIC "-//W3C//DTD XHTML 1.0 Transitional//EN"
    "http://www.w3.org/TR/xhtml1/DTD/xhtml1-transitional.dtd">
<html xmlns="http://www.w3.org/1999/xhtml" xml:lang="en" lang="en">
 <head>
  <title>
</title>
<meta http-equiv="Content-Type" content="text/html;charset=utf-8" />
  <meta name='ocr-system' content='tesseract 3.04.00' />
  <meta name='ocr-capabilities' content='ocr_page ocr_carea ocr_par ocr_line ocrx_word'/>
</head>
<body>
  <div class='ocr_page' id='page_1' title='image "./commentariusperp01plauuoft_0442.png"; bbox 0 0 2144 3554; ppageno 0'>
   <div class='ocr_carea' id='block_1_1' title="bbox 212 131 1373 205">
    <p class='ocr_par' dir='ltr' id='par_1_1' title="bbox 212 131 1373 205">
     <span class='ocr_line' id='line_1_1' title="bbox 212 131 1373 205; baseline 0.003 -14"><span class='ocrx_word' id='word_1_1' title='bbox 212 136 331 205; x_wconf 77' lang='lat'><strong>436</strong></span> <span class='ocrx_word' id='word_1_2' title='bbox 820 147 892 190; x_wconf 76' lang='lat' dir='ltr'>m</span> <span class='ocrx_word' id='word_1_3' title='bbox 949 131 1373 194; x_wconf 72' lang='lat' dir='ltr'><strong>TvavLEN&#39;Tr</strong></span> 
     </span>
    </p>
   </div>
   <div class='ocr_carea' id='block_1_2' title="bbox 125 279 2061 3417">
    <p class='ocr_par' dir='ltr' id='par_1_2' title="bbox 125 279 2061 3417">
     <span class='ocr_line' id='line_1_2' title="bbox 214 279 1987 351; baseline 0 -13"><span class='ocrx_word' id='word_1_4' title='bbox 214 285 338 338; x_wconf 82' lang='lat' dir='ltr'><strong>effet</strong></span> <span class='ocrx_word' id='word_1_5' title='bbox 376 299 535 334; x_wconf 77' lang='lat' dir='ltr'><strong>verus</strong></span> <span class='ocrx_word' id='word_1_6' title='bbox 570 313 638 323; x_wconf 92' lang='lat'><strong>—-</strong></span> <span class='ocrx_word' id='word_1_7' title='bbox 689 299 766 344; x_wconf 83' lang='lat'><strong>14.</strong></span> <span class='ocrx_word' id='word_1_8' title='bbox 801 284 1179 351; x_wconf 77' lang='lat' dir='ltr'><strong>pudendumne</strong></span> <span class='ocrx_word' id='word_1_9' title='bbox 1213 279 1304 350; x_wconf 16' lang='lat' dir='ltr'><strong>lest,</strong></span> <span class='ocrx_word' id='word_1_10' title='bbox 1350 279 1603 336; x_wconf 81' lang='lat' dir='ltr'><strong>rusticum</strong></span> <span class='ocrx_word' id='word_1_11' title='bbox 1644 279 1784 339; x_wconf 59' lang='lat' dir='ltr'><strong>effe?</strong></span> <span class='ocrx_word' id='word_1_12' title='bbox 1821 317 1891 328; x_wconf 92' lang='lat'><strong>-——</strong></span> <span class='ocrx_word' id='word_1_13' title='bbox 1925 284 1987 342; x_wconf 71' lang='lat' dir='ltr'><strong>ta</strong></span> 
     </span>
     <span class='ocr_line' id='line_1_3' title="bbox 210 355 1984 421; baseline 0.001 -13"><span class='ocrx_word' id='word_1_14' title='bbox 210 375 344 408; x_wconf 74' lang='lat' dir='ltr'><strong>vero</strong></span> <span class='ocrx_word' id='word_1_15' title='bbox 387 357 647 419; x_wconf 68' lang='lat' dir='ltr'><strong>clurinum</strong></span> <span class='ocrx_word' id='word_1_16' title='bbox 688 375 871 421; x_wconf 81' lang='lat' dir='ltr'><strong>pecus.</strong></span> <span class='ocrx_word' id='word_1_17' title='bbox 947 355 1116 405; x_wconf 83' lang='lat' dir='ltr'><strong>Gloffa</strong></span> <span class='ocrx_word' id='word_1_18' title='bbox 1147 356 1369 421; x_wconf 80' lang='lat' dir='ltr'><strong>Papiae:</strong></span> <span class='ocrx_word' id='word_1_19' title='bbox 1409 358 1555 415; x_wconf 79' lang='lat' dir='ltr'><strong>clura</strong></span> <span class='ocrx_word' id='word_1_20' title='bbox 1588 358 1678 408; x_wconf 75' lang='lat' dir='ltr'><strong>&#39;vel</strong></span> <span class='ocrx_word' id='word_1_21' title='bbox 1712 361 1984 417; x_wconf 84' lang='lat' dir='ltr'>clurinum</span> 
     </span>
     <span class='ocr_line' id='line_1_4' title="bbox 215 423 2055 490; baseline 0.002 -12"><span class='ocrx_word' id='word_1_22' title='bbox 215 430 360 478; x_wconf 76' lang='lat' dir='ltr'><strong>sunia</strong></span> <span class='ocrx_word' id='word_1_23' title='bbox 393 427 605 477; x_wconf 88' lang='lat' dir='ltr'><strong>dicitur.</strong></span> <span class='ocrx_word' id='word_1_24' title='bbox 680 429 744 476; x_wconf 88' lang='lat' dir='ltr'><strong>In</strong></span> <span class='ocrx_word' id='word_1_25' title='bbox 773 428 878 478; x_wconf 87' lang='lat' dir='ltr'><strong>alio</strong></span> <span class='ocrx_word' id='word_1_26' title='bbox 905 426 1055 476; x_wconf 79' lang='lat' dir='ltr'><strong>Gloff.</strong></span> <span class='ocrx_word' id='word_1_27' title='bbox 1089 427 1231 476; x_wconf 89' lang='lat' dir='ltr'><strong>clura</strong></span> <span class='ocrx_word' id='word_1_28' title='bbox 1258 423 1487 490; x_wconf 66' lang='grc' dir='ltr'><strong>πῖθηκος.</strong></span> <span class='ocrx_word' id='word_1_29' title='bbox 1518 448 1563 478; x_wconf 80' lang='lat'><strong>2.</strong></span> <span class='ocrx_word' id='word_1_30' title='bbox 1586 446 1627 485; x_wconf 83' lang='grc' dir='ltr'><strong>ς.</strong></span> <span class='ocrx_word' id='word_1_31' title='bbox 1652 433 1991 490; x_wconf 61' lang='grc' dir='ltr'><strong>ι4.’3ηεί11ειό-</strong></span> <span class='ocrx_word' id='word_1_32' title='bbox 2053 452 2055 454; x_wconf 91' lang='grc'><strong><em>·</em></strong></span> 
     </span>
     <span class='ocr_line' id='line_1_5' title="bbox 212 496 1983 570; baseline 0.003 -23"><span class='ocrx_word' id='word_1_33' title='bbox 212 498 429 551; x_wconf 79' lang='lat' dir='ltr'><strong>cuidam</strong></span> <span class='ocrx_word' id='word_1_34' title='bbox 469 496 670 561; x_wconf 79' lang='lat' dir='ltr'><strong>nomen</strong></span> <span class='ocrx_word' id='word_1_35' title='bbox 716 497 787 546; x_wconf 87' lang='lat' dir='ltr'><strong>est</strong></span> <span class='ocrx_word' id='word_1_36' title='bbox 811 498 1135 548; x_wconf 65' lang='lat' dir='ltr'><strong>Pithecium.</strong></span> <span class='ocrx_word' id='word_1_37' title='bbox 1171 525 1242 534; x_wconf 88' lang='lat'><em>-</em></span> <span class='ocrx_word' id='word_1_38' title='bbox 1287 497 1482 548; x_wconf 79' lang='lat' dir='ltr'><strong>Seruus</strong></span> <span class='ocrx_word' id='word_1_39' title='bbox 1521 512 1706 550; x_wconf 84' lang='lat' dir='ltr'><strong>autem</strong></span> <span class='ocrx_word' id='word_1_40' title='bbox 1736 501 1983 570; x_wconf 84' lang='lat' dir='ltr'><strong>Astaphio</strong></span> 
     </span>
     <span class='ocr_line' id='line_1_6' title="bbox 211 564 1984 638; baseline 0.002 -19"><span class='ocrx_word' id='word_1_41' title='bbox 211 569 304 619; x_wconf 78' lang='lat' dir='ltr'><strong>seu</strong></span> <span class='ocrx_word' id='word_1_42' title='bbox 326 564 724 630; x_wconf 74' lang='lat' dir='ltr'><strong>deformitatem</strong></span> <span class='ocrx_word' id='word_1_43' title='bbox 749 571 1159 636; x_wconf 79' lang='lat' dir='ltr'>exprobraturus</span> <span class='ocrx_word' id='word_1_44' title='bbox 1188 566 1272 626; x_wconf 81' lang='lat' dir='ltr'><strong>est,</strong></span> <span class='ocrx_word' id='word_1_45' title='bbox 1288 566 1492 631; x_wconf 76' lang='lat' dir='ltr'><strong>(Mil.4.</strong></span> <span class='ocrx_word' id='word_1_46' title='bbox 1518 589 1559 619; x_wconf 74' lang='grc' dir='ltr'><strong>ι.</strong></span> <span class='ocrx_word' id='word_1_47' title='bbox 1575 590 1658 630; x_wconf 80' lang='lat'><strong>4²·</strong></span> <span class='ocrx_word' id='word_1_48' title='bbox 1682 570 1984 638; x_wconf 77' lang='lat' dir='ltr'><strong>Pithecium</strong></span> 
     </span>
     <span class='ocr_line' id='line_1_7' title="bbox 211 639 2061 710; baseline 0.002 -18"><span class='ocrx_word' id='word_1_49' title='bbox 211 643 346 692; x_wconf 87' lang='lat' dir='ltr'><strong>haec</strong></span> <span class='ocrx_word' id='word_1_50' title='bbox 385 639 455 691; x_wconf 87' lang='lat' dir='ltr'><strong>est</strong></span> <span class='ocrx_word' id='word_1_51' title='bbox 486 655 612 709; x_wconf 82' lang='lat' dir='ltr'><strong>prae</strong></span> <span class='ocrx_word' id='word_1_52' title='bbox 647 641 756 705; x_wconf 81' lang='lat' dir='ltr'><strong>illa)</strong></span> <span class='ocrx_word' id='word_1_53' title='bbox 794 639 882 691; x_wconf 86' lang='lat' dir='ltr'><strong>seu</strong></span> <span class='ocrx_word' id='word_1_54' title='bbox 922 639 1211 696; x_wconf 79' lang='lat' dir='ltr'><strong>malitiam,</strong></span> <span class='ocrx_word' id='word_1_55' title='bbox 1259 651 1319 688; x_wconf 83' lang='lat' dir='ltr'><strong>vt</strong></span> <span class='ocrx_word' id='word_1_56' title='bbox 1351 641 1674 710; x_wconf 84' lang='lat' dir='ltr'><strong>Lycophron</strong></span> <span class='ocrx_word' id='word_1_57' title='bbox 1708 641 1984 695; x_wconf 85' lang='lat' dir='ltr'><strong>Therfiten</strong></span> <span class='ocrx_word' id='word_1_58' title='bbox 2057 704 2061 710; x_wconf 30' lang='lat' dir='ltr'><em>s</em></span> 
     </span>
     <span class='ocr_line' id='line_1_8' title="bbox 212 709 1984 781; baseline 0.002 -20"><span class='ocrx_word' id='word_1_59' title='bbox 212 723 371 762; x_wconf 82' lang='lat' dir='ltr'><strong>vocat</strong></span> <span class='ocrx_word' id='word_1_60' title='bbox 402 709 819 778; x_wconf 58' lang='grc' dir='ltr'><em>πιθηκόμορφον,</em></span> <span class='ocrx_word' id='word_1_61' title='bbox 865 715 988 781; x_wconf 83' lang='lat' dir='ltr'><strong>quia</strong></span> <span class='ocrx_word' id='word_1_62' title='bbox 1032 711 1251 780; x_wconf 81' lang='lat' dir='ltr'><strong>ingenio</strong></span> <span class='ocrx_word' id='word_1_63' title='bbox 1298 710 1424 760; x_wconf 80' lang='lat' dir='ltr'><strong>effet</strong></span> <span class='ocrx_word' id='word_1_64' title='bbox 1459 713 1698 781; x_wconf 84' lang='lat' dir='ltr'><strong>maligno</strong></span> <span class='ocrx_word' id='word_1_65' title='bbox 1738 727 1792 765; x_wconf 76' lang='lat' dir='ltr'><strong>&#39;et</strong></span> <span class='ocrx_word' id='word_1_66' title='bbox 1830 717 1984 766; x_wconf 82' lang='lat' dir='ltr'><strong>verli-</strong></span> 
     </span>
     <span class='ocr_line' id='line_1_9' title="bbox 213 779 1983 858; baseline 0.004 -28"><span class='ocrx_word' id='word_1_67' title='bbox 213 785 343 853; x_wconf 86' lang='lat' dir='ltr'><strong>pelli</strong></span> <span class='ocrx_word' id='word_1_68' title='bbox 379 807 450 820; x_wconf 52' lang='grc' dir='ltr'><strong>-ε-</strong></span> <span class='ocrx_word' id='word_1_69' title='bbox 493 779 809 853; x_wconf 77' lang='lat' dir='ltr'><strong>15.fistent0</strong></span> <span class='ocrx_word' id='word_1_70' title='bbox 835 785 1058 833; x_wconf 73' lang='lat' dir='ltr'><strong>verbum</strong></span> <span class='ocrx_word' id='word_1_71' title='bbox 1085 793 1301 851; x_wconf 83' lang='lat' dir='ltr'><strong>putatur</strong></span> <span class='ocrx_word' id='word_1_72' title='bbox 1323 780 1606 852; x_wconf 83' lang='lat' dir='ltr'><strong>antiquum</strong></span> <span class='ocrx_word' id='word_1_73' title='bbox 1638 798 1736 853; x_wconf 77' lang='lat' dir='ltr'><strong>pro</strong></span> <span class='ocrx_word' id='word_1_74' title='bbox 1764 783 1983 858; x_wconf 77' lang='lat' dir='ltr'><strong>ostento.</strong></span> 
     </span>
     <span class='ocr_line' id='line_1_10' title="bbox 213 849 1984 926; baseline 0.001 -20"><span class='ocrx_word' id='word_1_75' title='bbox 213 854 365 906; x_wconf 84' lang='lat' dir='ltr'><strong>Acid.</strong></span> <span class='ocrx_word' id='word_1_76' title='bbox 385 850 495 922; x_wconf 79' lang='lat' dir='ltr'><strong>legi</strong></span> <span class='ocrx_word' id='word_1_77' title='bbox 509 854 626 902; x_wconf 85' lang='lat' dir='ltr'><strong>vult</strong></span> <span class='ocrx_word' id='word_1_78' title='bbox 649 863 704 901; x_wconf 84' lang='lat' dir='ltr'><strong>te</strong></span> <span class='ocrx_word' id='word_1_79' title='bbox 728 852 1049 926; x_wconf 67' lang='lat' dir='ltr'><strong>(ssentatum</strong></span> <span class='ocrx_word' id='word_1_80' title='bbox 1070 882 1140 891; x_wconf 85' lang='lat'><strong>-—</strong></span> <span class='ocrx_word' id='word_1_81' title='bbox 1166 849 1280 924; x_wconf 80' lang='lat' dir='ltr'><strong>offa</strong></span> <span class='ocrx_word' id='word_1_82' title='bbox 1303 852 1493 906; x_wconf 84' lang='lat' dir='ltr'><strong>rustice</strong></span> <span class='ocrx_word' id='word_1_83' title='bbox 1515 855 1647 912; x_wconf 82' lang='lat' dir='ltr'><strong>dicit</strong></span> <span class='ocrx_word' id='word_1_84' title='bbox 1708 870 1767 907; x_wconf 85' lang='lat' dir='ltr'><strong>ro</strong></span> <span class='ocrx_word' id='word_1_85' title='bbox 1790 873 1984 925; x_wconf 77' lang='lat' dir='ltr'><strong>corpus</strong></span> 
     </span>
     <span class='ocr_line' id='line_1_11' title="bbox 213 921 1982 999; baseline 0.003 -24"><span class='ocrx_word' id='word_1_86' title='bbox 213 940 400 988; x_wconf 61' lang='lat' dir='ltr'><strong>tuum,</strong></span> <span class='ocrx_word' id='word_1_87' title='bbox 419 923 567 993; x_wconf 81' lang='lat' dir='ltr'><strong>quod</strong></span> <span class='ocrx_word' id='word_1_88' title='bbox 590 923 838 982; x_wconf 81' lang='lat' dir='ltr'><strong>vestibus,</strong></span> <span class='ocrx_word' id='word_1_89' title='bbox 864 921 1007 982; x_wconf 86' lang='lat' dir='ltr'><strong>fuco,</strong></span> <span class='ocrx_word' id='word_1_90' title='bbox 1035 923 1293 975; x_wconf 83' lang='lat' dir='ltr'><strong>exornasti</strong></span> <span class='ocrx_word' id='word_1_91' title='bbox 1314 924 1384 962; x_wconf 55' lang='lat'><strong>⁶—-‘</strong></span> <span class='ocrx_word' id='word_1_92' title='bbox 1405 929 1480 974; x_wconf 81' lang='lat'><strong>16.</strong></span> <span class='ocrx_word' id='word_1_93' title='bbox 1500 921 1654 999; x_wconf 82' lang='lat' dir='ltr'><strong>insua</strong></span> <span class='ocrx_word' id='word_1_94' title='bbox 1686 947 1735 978; x_wconf 90' lang='lat'><strong>0.</strong></span> <span class='ocrx_word' id='word_1_95' title='bbox 1774 928 1982 980; x_wconf 84' lang='lat' dir='ltr'><strong>Festus:</strong></span> 
     </span>
     <span class='ocr_line' id='line_1_12' title="bbox 214 990 1987 1068; baseline 0.001 -21"><span class='ocrx_word' id='word_1_96' title='bbox 214 990 487 1068; x_wconf 77' lang='lat' dir='ltr'><strong>“Szzctsum</strong></span> <span class='ocrx_word' id='word_1_97' title='bbox 525 995 672 1045; x_wconf 83' lang='lat' dir='ltr'><strong>color</strong></span> <span class='ocrx_word' id='word_1_98' title='bbox 709 996 1019 1062; x_wconf 83' lang='lat' dir='ltr'><strong>adpellatur‚</strong></span> <span class='ocrx_word' id='word_1_99' title='bbox 1058 995 1152 1066; x_wconf 84' lang='lat' dir='ltr'><strong>qui</strong></span> <span class='ocrx_word' id='word_1_100' title='bbox 1192 994 1251 1046; x_wconf 85' lang='lat' dir='ltr'><strong>fit</strong></span> <span class='ocrx_word' id='word_1_101' title='bbox 1286 1009 1349 1046; x_wconf 70' lang='lat' dir='ltr'><strong>&#39;ex</strong></span> <span class='ocrx_word' id='word_1_102' title='bbox 1387 992 1655 1050; x_wconf 89' lang='lat' dir='ltr'><strong>stillicidio</strong></span> <span class='ocrx_word' id='word_1_103' title='bbox 1688 997 1898 1051; x_wconf 79' lang='lat' dir='ltr'><strong>fumoso</strong></span> <span class='ocrx_word' id='word_1_104' title='bbox 1926 1001 1987 1049; x_wconf 90' lang='lat' dir='ltr'><strong>in</strong></span> 
     </span>
     <span class='ocr_line' id='line_1_13' title="bbox 214 1061 1988 1144; baseline 0.003 -27"><span class='ocrx_word' id='word_1_105' title='bbox 214 1067 532 1128; x_wconf 69' lang='lat' dir='ltr'><strong>vestimento</strong></span> <span class='ocrx_word' id='word_1_106' title='bbox 575 1067 712 1117; x_wconf 85' lang='lat' dir='ltr'><strong>albo.</strong></span> <span class='ocrx_word' id='word_1_107' title='bbox 787 1067 1038 1117; x_wconf 85' lang='lat' dir='ltr'><strong>Plautus:</strong></span> <span class='ocrx_word' id='word_1_108' title='bbox 1092 1069 1216 1136; x_wconf 89' lang='lat' dir='ltr'><strong>quia</strong></span> <span class='ocrx_word' id='word_1_109' title='bbox 1258 1067 1361 1116; x_wconf 91' lang='lat' dir='ltr'><strong>tibi</strong></span> <span class='ocrx_word' id='word_1_110' title='bbox 1391 1061 1552 1144; x_wconf 78' lang='lat' dir='ltr'><strong>suaso</strong></span> <span class='ocrx_word' id='word_1_111' title='bbox 1588 1082 1689 1120; x_wconf 87' lang='lat' dir='ltr'><strong>ete.</strong></span> <span class='ocrx_word' id='word_1_112' title='bbox 1749 1070 1988 1138; x_wconf 81' lang='lat' dir='ltr'><strong>Quidam</strong></span> 
     </span>
     <span class='ocr_line' id='line_1_14' title="bbox 216 1132 1987 1224; baseline 0.002 -35"><span class='ocrx_word' id='word_1_113' title='bbox 216 1153 397 1189; x_wconf 84' lang='lat' dir='ltr'><strong>autem</strong></span> <span class='ocrx_word' id='word_1_114' title='bbox 444 1139 633 1224; x_wconf 56' lang='lat' dir='ltr'><strong>legunt</strong></span> <span class='ocrx_word' id='word_1_115' title='bbox 676 1132 920 1212; x_wconf 80' lang='lat' dir='ltr'><strong>insuas0‚</strong></span> <span class='ocrx_word' id='word_1_116' title='bbox 969 1153 1070 1189; x_wconf 86' lang='lat' dir='ltr'><strong>nec</strong></span> <span class='ocrx_word' id='word_1_117' title='bbox 1105 1137 1324 1196; x_wconf 72' lang='lat' dir='ltr'><strong>desunt,</strong></span> <span class='ocrx_word' id='word_1_118' title='bbox 1373 1140 1465 1207; x_wconf 89' lang='lat' dir='ltr'><strong>qui</strong></span> <span class='ocrx_word' id='word_1_119' title='bbox 1513 1138 1711 1198; x_wconf 82' lang='lat' dir='ltr'><strong>dicant,</strong></span> <span class='ocrx_word' id='word_1_120' title='bbox 1765 1159 1987 1193; x_wconf 86' lang='lat' dir='ltr'><strong>omnem</strong></span> 
     </span>
     <span class='ocr_line' id='line_1_15' title="bbox 216 1203 2006 1286; baseline 0.002 -26"><span class='ocrx_word' id='word_1_121' title='bbox 216 1211 472 1267; x_wconf 79' lang='lat' dir='ltr'><strong>colorem,</strong></span> <span class='ocrx_word' id='word_1_122' title='bbox 511 1210 607 1277; x_wconf 82' lang='lat' dir='ltr'><strong>qui</strong></span> <span class='ocrx_word' id='word_1_123' title='bbox 642 1206 731 1259; x_wconf 85' lang='lat' dir='ltr'><strong>fiat</strong></span> <span class='ocrx_word' id='word_1_124' title='bbox 764 1209 1077 1266; x_wconf 84' lang='lat' dir='ltr'><strong>inficiendo,</strong></span> <span class='ocrx_word' id='word_1_125' title='bbox 1105 1203 1331 1286; x_wconf 65' lang='lat' dir='ltr'><strong>suafizm</strong></span> <span class='ocrx_word' id='word_1_126' title='bbox 1370 1213 1569 1265; x_wconf 76' lang='lat' dir='ltr'><strong>vocari.</strong></span> <span class='ocrx_word' id='word_1_127' title='bbox 1612 1213 1738 1280; x_wconf 85' lang='lat' dir='ltr'><strong>quia</strong></span> <span class='ocrx_word' id='word_1_128' title='bbox 1777 1212 2006 1284; x_wconf 47' lang='lat' dir='ltr'><strong>persua-,0</strong></span> 
     </span>
     <span class='ocr_line' id='line_1_16' title="bbox 212 1280 1986 1360; baseline 0.002 -29"><span class='ocrx_word' id='word_1_129' title='bbox 212 1283 374 1331; x_wconf 73' lang='lat' dir='ltr'><strong>detur</strong></span> <span class='ocrx_word' id='word_1_130' title='bbox 398 1283 456 1328; x_wconf 84' lang='lat' dir='ltr'><strong>in</strong></span> <span class='ocrx_word' id='word_1_131' title='bbox 481 1281 648 1332; x_wconf 86' lang='lat' dir='ltr'><strong>alium</strong></span> <span class='ocrx_word' id='word_1_132' title='bbox 676 1294 739 1330; x_wconf 82' lang='lat' dir='ltr'><strong>ex</strong></span> <span class='ocrx_word' id='word_1_133' title='bbox 765 1281 884 1331; x_wconf 83' lang='lat' dir='ltr'><strong>albo</strong></span> <span class='ocrx_word' id='word_1_134' title='bbox 913 1283 1062 1346; x_wconf 84' lang='lat' dir='ltr'><strong>(alio)</strong></span> <span class='ocrx_word' id='word_1_135' title='bbox 1092 1282 1368 1331; x_wconf 85' lang='lat' dir='ltr'><strong>transire.”</strong></span> <span class='ocrx_word' id='word_1_136' title='bbox 1424 1282 1643 1333; x_wconf 84' lang='lat' dir='ltr'><strong>Gloffar.</strong></span> <span class='ocrx_word' id='word_1_137' title='bbox 1675 1280 1986 1360; x_wconf 64' lang='lat' dir='ltr'><strong>“irgsuasum</strong></span> 
     </span>
     <span class='ocr_line' id='line_1_17' title="bbox 214 1348 1987 1416; baseline 0.002 -15"><span class='ocrx_word' id='word_1_138' title='bbox 214 1348 347 1405; x_wconf 69' lang='grc' dir='ltr'><em>εἶδος</em></span> <span class='ocrx_word' id='word_1_139' title='bbox 399 1352 626 1416; x_wconf 78' lang='grc' dir='ltr'><em>δοκοιρίου</em></span> <span class='ocrx_word' id='word_1_140' title='bbox 671 1356 1091 1411; x_wconf 51' lang='lat' dir='ltr'><strong>nentem-mmigrat),</strong></span> <span class='ocrx_word' id='word_1_141' title='bbox 1145 1365 1198 1403; x_wconf 88' lang='lat' dir='ltr'><strong>et</strong></span> <span class='ocrx_word' id='word_1_142' title='bbox 1236 1351 1355 1402; x_wconf 84' lang='lat' dir='ltr'><strong>vult</strong></span> <span class='ocrx_word' id='word_1_143' title='bbox 1392 1349 1570 1402; x_wconf 78' lang='lat' dir='ltr'><strong>Festus</strong></span> <span class='ocrx_word' id='word_1_144' title='bbox 1610 1352 1710 1405; x_wconf 81' lang='lat' dir='ltr'><strong>effe</strong></span> <span class='ocrx_word' id='word_1_145' title='bbox 1746 1357 1987 1406; x_wconf 85' lang='lat' dir='ltr'><strong>colorem</strong></span> 
     </span>
     <span class='ocr_line' id='line_1_18' title="bbox 216 1418 1987 1491; baseline 0.003 -19"><span class='ocrx_word' id='word_1_146' title='bbox 216 1424 440 1472; x_wconf 66' lang='lat' dir='ltr'><strong>similem</strong></span> <span class='ocrx_word' id='word_1_147' title='bbox 478 1421 574 1476; x_wconf 81' lang='lat' dir='ltr'><strong>illi,</strong></span> <span class='ocrx_word' id='word_1_148' title='bbox 613 1422 708 1488; x_wconf 86' lang='lat' dir='ltr'><strong>qui</strong></span> <span class='ocrx_word' id='word_1_149' title='bbox 731 1418 799 1469; x_wconf 87' lang='lat' dir='ltr'><strong>est</strong></span> <span class='ocrx_word' id='word_1_150' title='bbox 832 1423 890 1469; x_wconf 84' lang='lat' dir='ltr'><strong>in</strong></span> <span class='ocrx_word' id='word_1_151' title='bbox 913 1423 1172 1480; x_wconf 78' lang='lat' dir='ltr'><strong>&#39;trabibuS‚</strong></span> <span class='ocrx_word' id='word_1_152' title='bbox 1210 1438 1342 1491; x_wconf 83' lang='lat' dir='ltr'><strong>quas</strong></span> <span class='ocrx_word' id='word_1_153' title='bbox 1371 1420 1615 1474; x_wconf 69' lang='lat' dir='ltr'><strong>diutinus</strong></span> <span class='ocrx_word' id='word_1_154' title='bbox 1643 1423 1824 1476; x_wconf 79' lang='lat' dir='ltr'><strong>furnus</strong></span> <span class='ocrx_word' id='word_1_155' title='bbox 1853 1424 1987 1478; x_wconf 84' lang='lat' dir='ltr'><strong>infe-</strong></span> 
     </span>
     <span class='ocr_line' id='line_1_19' title="bbox 213 1486 1989 1565; baseline 0.002 -23"><span class='ocrx_word' id='word_1_156' title='bbox 213 1497 328 1544; x_wconf 85' lang='lat' dir='ltr'><strong>cit&#39;’</strong></span> <span class='ocrx_word' id='word_1_157' title='bbox 364 1522 436 1531; x_wconf 85' lang='lat'><strong>—-</strong></span> <span class='ocrx_word' id='word_1_158' title='bbox 487 1510 563 1551; x_wconf 83' lang='lat'><strong>¹7·</strong></span> <span class='ocrx_word' id='word_1_159' title='bbox 603 1510 668 1540; x_wconf 78' lang='lat' dir='ltr'><strong>ar</strong></span> <span class='ocrx_word' id='word_1_160' title='bbox 705 1511 785 1540; x_wconf 78' lang='lat' dir='ltr'><strong>me</strong></span> <span class='ocrx_word' id='word_1_161' title='bbox 831 1486 898 1540; x_wconf 76' lang='lat' dir='ltr'><strong>ad</strong></span> <span class='ocrx_word' id='word_1_162' title='bbox 935 1509 1040 1542; x_wconf 85' lang='lat' dir='ltr'><strong>me.</strong></span> <span class='ocrx_word' id='word_1_163' title='bbox 1090 1491 1251 1563; x_wconf 84' lang='lat' dir='ltr'><strong>prisci</strong></span> <span class='ocrx_word' id='word_1_164' title='bbox 1290 1490 1543 1548; x_wconf 68' lang='lat' dir='ltr'><strong>dixerunt</strong></span> <span class='ocrx_word' id='word_1_165' title='bbox 1575 1513 1640 1545; x_wconf 87' lang='lat' dir='ltr'><strong>ar</strong></span> <span class='ocrx_word' id='word_1_166' title='bbox 1675 1513 1774 1565; x_wconf 86' lang='lat' dir='ltr'><strong>pro</strong></span> <span class='ocrx_word' id='word_1_167' title='bbox 1809 1498 1884 1546; x_wconf 79' lang='lat' dir='ltr'><strong>acl</strong></span> <span class='ocrx_word' id='word_1_168' title='bbox 1917 1526 1989 1536; x_wconf 91' lang='lat'><strong>--</strong></span> 
     </span>
     <span class='ocr_line' id='line_1_20' title="bbox 212 1562 1989 1637; baseline 0.002 -22"><span class='ocrx_word' id='word_1_169' title='bbox 212 1585 352 1615; x_wconf 79' lang='lat' dir='ltr'><strong>nnnc</strong></span> <span class='ocrx_word' id='word_1_170' title='bbox 383 1565 571 1628; x_wconf 75' lang='lat' dir='ltr'><strong>places</strong></span> <span class='ocrx_word' id='word_1_171' title='bbox 602 1562 751 1629; x_wconf 86' lang='lat' dir='ltr'><strong>quod</strong></span> <span class='ocrx_word' id='word_1_172' title='bbox 776 1581 864 1613; x_wconf 84' lang='lat' dir='ltr'><strong>me</strong></span> <span class='ocrx_word' id='word_1_173' title='bbox 897 1564 1051 1615; x_wconf 84' lang='lat' dir='ltr'><strong>iubes</strong></span> <span class='ocrx_word' id='word_1_174' title='bbox 1091 1565 1158 1614; x_wconf 86' lang='lat' dir='ltr'><strong>ad</strong></span> <span class='ocrx_word' id='word_1_175' title='bbox 1187 1575 1238 1615; x_wconf 86' lang='lat' dir='ltr'><strong>te</strong></span> <span class='ocrx_word' id='word_1_176' title='bbox 1269 1565 1454 1615; x_wconf 82' lang='lat' dir='ltr'><strong>venire</strong></span> <span class='ocrx_word' id='word_1_177' title='bbox 1491 1591 1562 1630; x_wconf 65' lang='lat' dir='ltr'><strong>‘i‘-</strong></span> <span class='ocrx_word' id='word_1_178' title='bbox 1607 1573 1684 1616; x_wconf 81' lang='lat'><strong>18.</strong></span> <span class='ocrx_word' id='word_1_179' title='bbox 1717 1586 1874 1637; x_wconf 80' lang='lat' dir='ltr'><strong>quam</strong></span> <span class='ocrx_word' id='word_1_180' title='bbox 1907 1586 1989 1618; x_wconf 84' lang='lat' dir='ltr'><strong>me</strong></span> 
     </span>
     <span class='ocr_line' id='line_1_21' title="bbox 129 1631 1989 1703; baseline 0.002 -18"><span class='ocrx_word' id='word_1_181' title='bbox 129 1693 131 1698; x_wconf 25' lang='lat'><strong><em>¹</em></strong></span> <span class='ocrx_word' id='word_1_182' title='bbox 214 1637 299 1685; x_wconf 78' lang='lat' dir='ltr'><strong>illi</strong></span> <span class='ocrx_word' id='word_1_183' title='bbox 334 1636 494 1684; x_wconf 78' lang='lat' dir='ltr'><strong>velim</strong></span> <span class='ocrx_word' id='word_1_184' title='bbox 525 1631 761 1703; x_wconf 79' lang='lat' dir='ltr'><strong>placere!</strong></span> <span class='ocrx_word' id='word_1_185' title='bbox 806 1634 989 1684; x_wconf 87' lang='lat' dir='ltr'><strong>ridens</strong></span> <span class='ocrx_word' id='word_1_186' title='bbox 1026 1635 1160 1686; x_wconf 82' lang='lat' dir='ltr'><strong>dicit</strong></span> <span class='ocrx_word' id='word_1_187' title='bbox 1190 1658 1259 1673; x_wconf 49' lang='grc' dir='ltr'><strong>-ι</strong></span> <span class='ocrx_word' id='word_1_188' title='bbox 1293 1638 1537 1687; x_wconf 77' lang='lat' dir='ltr'><strong>mentiris</strong></span> <span class='ocrx_word' id='word_1_189' title='bbox 1577 1637 1712 1688; x_wconf 80' lang='lat' dir='ltr'><strong>adeo</strong></span> <span class='ocrx_word' id='word_1_190' title='bbox 1752 1656 1842 1688; x_wconf 87' lang='lat' dir='ltr'><strong>me</strong></span> <span class='ocrx_word' id='word_1_191' title='bbox 1885 1640 1989 1689; x_wconf 86' lang='lat' dir='ltr'><strong>tibi</strong></span> 
     </span>
     <span class='ocr_line' id='line_1_22' title="bbox 125 1705 1988 1775; baseline 0.002 -20"><span class='ocrx_word' id='word_1_192' title='bbox 125 1708 128 1711; x_wconf 82' lang='grc'><strong>’</strong></span> <span class='ocrx_word' id='word_1_193' title='bbox 210 1707 385 1756; x_wconf 82' lang='lat' dir='ltr'><strong>videri</strong></span> <span class='ocrx_word' id='word_1_194' title='bbox 419 1706 656 1775; x_wconf 83' lang='lat' dir='ltr'><strong>diguam,</strong></span> <span class='ocrx_word' id='word_1_195' title='bbox 698 1721 862 1775; x_wconf 84' lang='lat' dir='ltr'><strong>quam</strong></span> <span class='ocrx_word' id='word_1_196' title='bbox 889 1705 1126 1758; x_wconf 84' lang='lat' dir='ltr'><strong>ludibrio</strong></span> <span class='ocrx_word' id='word_1_197' title='bbox 1153 1707 1348 1758; x_wconf 79' lang='lat' dir='ltr'><strong>habeas</strong></span> <span class='ocrx_word' id='word_1_198' title='bbox 1376 1733 1448 1746; x_wconf 86' lang='lat'>-——-</span> <span class='ocrx_word' id='word_1_199' title='bbox 1488 1725 1566 1773; x_wconf 85' lang='lat'><strong>19.</strong></span> <span class='ocrx_word' id='word_1_200' title='bbox 1593 1710 1624 1758; x_wconf 82' lang='lat' dir='ltr'>fi</span> <span class='ocrx_word' id='word_1_201' title='bbox 1652 1706 1815 1762; x_wconf 77' lang='lat' dir='ltr'><strong>lectio</strong></span> <span class='ocrx_word' id='word_1_202' title='bbox 1843 1719 1988 1760; x_wconf 68' lang='lat' dir='ltr'><strong>cer‘ta</strong></span> 
     </span>
     <span class='ocr_line' id='line_1_23' title="bbox 213 1777 1984 1848; baseline 0.001 -18"><span class='ocrx_word' id='word_1_203' title='bbox 213 1777 300 1837; x_wconf 83' lang='lat' dir='ltr'><strong>est,</strong></span> <span class='ocrx_word' id='word_1_204' title='bbox 340 1791 493 1846; x_wconf 82' lang='lat' dir='ltr'><strong>rogat</strong></span> <span class='ocrx_word' id='word_1_205' title='bbox 526 1777 802 1828; x_wconf 83' lang='lat' dir='ltr'><strong>Stratilax:</strong></span> <span class='ocrx_word' id='word_1_206' title='bbox 844 1778 947 1834; x_wconf 79' lang='lat' dir='ltr'><strong>dic,</strong></span> <span class='ocrx_word' id='word_1_207' title='bbox 983 1780 1078 1847; x_wconf 81' lang='lat' dir='ltr'><strong>qui</strong></span> <span class='ocrx_word' id='word_1_208' title='bbox 1101 1779 1246 1829; x_wconf 87' lang='lat' dir='ltr'><strong>vnde</strong></span> <span class='ocrx_word' id='word_1_209' title='bbox 1281 1790 1358 1837; x_wconf 84' lang='lat' dir='ltr'><strong>tu,</strong></span> <span class='ocrx_word' id='word_1_210' title='bbox 1393 1794 1529 1848; x_wconf 86' lang='lat' dir='ltr'><strong>quae</strong></span> <span class='ocrx_word' id='word_1_211' title='bbox 1555 1780 1878 1847; x_wconf 80' lang='lat' dir='ltr'><strong>mancipium</strong></span> <span class='ocrx_word' id='word_1_212' title='bbox 1909 1798 1984 1842; x_wconf 75' lang='lat' dir='ltr'><strong>ee,</strong></span> 
     </span>
     <span class='ocr_line' id='line_1_24' title="bbox 211 1846 1983 1922; baseline 0.003 -23"><span class='ocrx_word' id='word_1_213' title='bbox 211 1850 466 1917; x_wconf 79' lang='lat' dir='ltr'><strong>adcipias</strong></span> <span class='ocrx_word' id='word_1_214' title='bbox 493 1846 644 1922; x_wconf 74' lang='lat' dir='ltr'><strong>gesta</strong></span> <span class='ocrx_word' id='word_1_215' title='bbox 670 1860 841 1898; x_wconf 83' lang='lat' dir='ltr'><strong>tecum</strong></span> <span class='ocrx_word' id='word_1_216' title='bbox 872 1862 1138 1909; x_wconf 87' lang='lat' dir='ltr'><strong>ornatum,</strong></span> <span class='ocrx_word' id='word_1_217' title='bbox 1178 1865 1340 1921; x_wconf 85' lang='lat' dir='ltr'><strong>quem</strong></span> <span class='ocrx_word' id='word_1_218' title='bbox 1366 1853 1525 1919; x_wconf 81' lang='lat' dir='ltr'><strong>geris,</strong></span> <span class='ocrx_word' id='word_1_219' title='bbox 1560 1865 1730 1917; x_wconf 82' lang='lat' dir='ltr'><strong>penos</strong></span> <span class='ocrx_word' id='word_1_220' title='bbox 1756 1867 1983 1913; x_wconf 83' lang='lat' dir='ltr'><strong>annuos,</strong></span> 
     </span>
     <span class='ocr_line' id='line_1_25' title="bbox 212 1920 1986 1993; baseline 0.002 -22"><span class='ocrx_word' id='word_1_221' title='bbox 212 1923 309 1991; x_wconf 86' lang='lat' dir='ltr'><strong>qui</strong></span> <span class='ocrx_word' id='word_1_222' title='bbox 355 1934 574 1970; x_wconf 85' lang='lat' dir='ltr'><strong>ornatus</strong></span> <span class='ocrx_word' id='word_1_223' title='bbox 620 1920 867 1973; x_wconf 28' lang='lat' dir='ltr'><strong>sumtum]</strong></span> <span class='ocrx_word' id='word_1_224' title='bbox 910 1926 1130 1990; x_wconf 81' lang='lat' dir='ltr'><strong>aequat,</strong></span> <span class='ocrx_word' id='word_1_225' title='bbox 1187 1922 1281 1992; x_wconf 87' lang='lat' dir='ltr'><strong>qui</strong></span> <span class='ocrx_word' id='word_1_226' title='bbox 1329 1924 1603 1993; x_wconf 81' lang='lat' dir='ltr'><strong>mancipio</strong></span> <span class='ocrx_word' id='word_1_227' title='bbox 1644 1920 1755 1992; x_wconf 60' lang='lat' dir='ltr'><strong>‘per</strong></span> <span class='ocrx_word' id='word_1_228' title='bbox 1807 1936 1986 1975; x_wconf 87' lang='lat' dir='ltr'><strong>totum</strong></span> 
     </span>
     <span class='ocr_line' id='line_1_26' title="bbox 210 1989 1988 2061; baseline 0.002 -19"><span class='ocrx_word' id='word_1_229' title='bbox 210 2009 416 2042; x_wconf 88' lang='lat' dir='ltr'><strong>annum</strong></span> <span class='ocrx_word' id='word_1_230' title='bbox 465 1991 659 2041; x_wconf 84' lang='lat' dir='ltr'><strong>alendo</strong></span> <span class='ocrx_word' id='word_1_231' title='bbox 701 1989 962 2043; x_wconf 79' lang='lat' dir='ltr'><strong>subficiat.</strong></span> <span class='ocrx_word' id='word_1_232' title='bbox 1035 1993 1143 2043; x_wconf 85' lang='lat' dir='ltr'><strong>Alii</strong></span> <span class='ocrx_word' id='word_1_233' title='bbox 1186 1993 1336 2043; x_wconf 87' lang='lat' dir='ltr'><strong>aliter</strong></span> <span class='ocrx_word' id='word_1_234' title='bbox 1373 2021 1444 2031; x_wconf 90' lang='lat'><strong>-—</strong></span> <span class='ocrx_word' id='word_1_235' title='bbox 1495 2012 1574 2046; x_wconf 76' lang='grc' dir='ltr'><strong>ιο.</strong></span> <span class='ocrx_word' id='word_1_236' title='bbox 1616 1992 1799 2061; x_wconf 79' lang='lat' dir='ltr'><strong>dignis</strong></span> <span class='ocrx_word' id='word_1_237' title='bbox 1847 1996 1988 2046; x_wconf 82' lang='lat' dir='ltr'><strong>dant</strong></span> 
     </span>
     <span class='ocr_line' id='line_1_27' title="bbox 207 2062 1987 2136; baseline 0.003 -24"><span class='ocrx_word' id='word_1_238' title='bbox 207 2063 396 2113; x_wconf 87' lang='lat' dir='ltr'><strong>Lamb.</strong></span> <span class='ocrx_word' id='word_1_239' title='bbox 434 2062 639 2112; x_wconf 76' lang='lat' dir='ltr'><strong>dantur</strong></span> <span class='ocrx_word' id='word_1_240' title='bbox 677 2076 1023 2122; x_wconf 71' lang='lat' dir='ltr'><strong>ornamenta3</strong></span> <span class='ocrx_word' id='word_1_241' title='bbox 1074 2065 1250 2134; x_wconf 88' lang='lat' dir='ltr'><strong>qualia</strong></span> <span class='ocrx_word' id='word_1_242' title='bbox 1289 2080 1390 2134; x_wconf 83' lang='lat' dir='ltr'><strong>ego</strong></span> <span class='ocrx_word' id='word_1_243' title='bbox 1429 2081 1575 2133; x_wconf 76' lang='lat' dir='ltr'><strong>gero,</strong></span> <span class='ocrx_word' id='word_1_244' title='bbox 1650 2066 1718 2116; x_wconf 84' lang='lat' dir='ltr'><strong>Se</strong></span> <span class='ocrx_word' id='word_1_245' title='bbox 1762 2064 1987 2136; x_wconf 80' lang='lat' dir='ltr'><strong>quidem</strong></span> 
     </span>
     <span class='ocr_line' id='line_1_28' title="bbox 206 2134 1986 2208; baseline 0.003 -26"><span class='ocrx_word' id='word_1_246' title='bbox 206 2135 390 2184; x_wconf 82' lang='lat' dir='ltr'><strong>laudat</strong></span> <span class='ocrx_word' id='word_1_247' title='bbox 427 2135 666 2200; x_wconf 80' lang='lat' dir='ltr'><strong>dignam,</strong></span> <span class='ocrx_word' id='word_1_248' title='bbox 714 2151 852 2202; x_wconf 87' lang='lat' dir='ltr'><strong>quae</strong></span> <span class='ocrx_word' id='word_1_249' title='bbox 890 2148 1126 2193; x_wconf 88' lang='lat' dir='ltr'><strong>ornetur,</strong></span> <span class='ocrx_word' id='word_1_250' title='bbox 1171 2134 1418 2195; x_wconf 85' lang='lat' dir='ltr'><strong>iudicari,</strong></span> <span class='ocrx_word' id='word_1_251' title='bbox 1449 2153 1476 2185; x_wconf 86' lang='lat' dir='ltr'><strong>a</strong></span> <span class='ocrx_word' id='word_1_252' title='bbox 1514 2153 1621 2206; x_wconf 91' lang='lat' dir='ltr'><strong>quo</strong></span> <span class='ocrx_word' id='word_1_253' title='bbox 1653 2154 1786 2188; x_wconf 87' lang='lat' dir='ltr'><strong>vero</strong></span> <span class='ocrx_word' id='word_1_254' title='bbox 1821 2139 1986 2208; x_wconf 81' lang='lat' dir='ltr'><strong>digna</strong></span> 
     </span>
     <span class='ocr_line' id='line_1_29' title="bbox 207 2206 1988 2276; baseline 0.004 -23"><span class='ocrx_word' id='word_1_255' title='bbox 207 2206 505 2261; x_wconf 84' lang='lat' dir='ltr'><strong>iudicetur,</strong></span> <span class='ocrx_word' id='word_1_256' title='bbox 562 2208 794 2256; x_wconf 88' lang='lat' dir='ltr'><strong>cuiusue</strong></span> <span class='ocrx_word' id='word_1_257' title='bbox 842 2206 1178 2266; x_wconf 84' lang='lat' dir='ltr'><strong>liberalitati,</strong></span> <span class='ocrx_word' id='word_1_258' title='bbox 1229 2220 1322 2258; x_wconf 86' lang='lat' dir='ltr'><strong>aut</strong></span> <span class='ocrx_word' id='word_1_259' title='bbox 1360 2208 1557 2276; x_wconf 86' lang='lat' dir='ltr'><strong>quibus</strong></span> <span class='ocrx_word' id='word_1_260' title='bbox 1597 2210 1804 2260; x_wconf 84' lang='lat' dir='ltr'><strong>meritis</strong></span> <span class='ocrx_word' id='word_1_261' title='bbox 1854 2210 1988 2260; x_wconf 82' lang='lat' dir='ltr'><strong>haec</strong></span> 
     </span>
     <span class='ocr_line' id='line_1_30' title="bbox 208 2276 1988 2345; baseline 0.003 -21"><span class='ocrx_word' id='word_1_262' title='bbox 208 2276 351 2327; x_wconf 85' lang='lat' dir='ltr'><strong>dona</strong></span> <span class='ocrx_word' id='word_1_263' title='bbox 389 2277 599 2333; x_wconf 79' lang='lat' dir='ltr'><strong>debeat,</strong></span> <span class='ocrx_word' id='word_1_264' title='bbox 638 2276 695 2324; x_wconf 89' lang='lat' dir='ltr'><strong>id</strong></span> <span class='ocrx_word' id='word_1_265' title='bbox 728 2276 951 2345; x_wconf 88' lang='lat' dir='ltr'><strong>quidem</strong></span> <span class='ocrx_word' id='word_1_266' title='bbox 979 2287 1136 2328; x_wconf 88' lang='lat' dir='ltr'><strong>tacet.</strong></span> <span class='ocrx_word' id='word_1_267' title='bbox 1173 2292 1245 2318; x_wconf 87' lang='lat'><strong>—&#39;—</strong></span> <span class='ocrx_word' id='word_1_268' title='bbox 1277 2279 1361 2328; x_wconf 86' lang='lat' dir='ltr'><strong>De</strong></span> <span class='ocrx_word' id='word_1_269' title='bbox 1388 2278 1639 2330; x_wconf 52' lang='lat' dir='ltr'><strong>Lavinia*</strong></span> <span class='ocrx_word' id='word_1_270' title='bbox 1658 2279 1869 2331; x_wconf 84' lang='lat' dir='ltr'><strong>Aeneae</strong></span> <span class='ocrx_word' id='word_1_271' title='bbox 1901 2294 1988 2339; x_wconf 86' lang='lat' dir='ltr'><strong>co-</strong></span> 
     </span>
     <span class='ocr_line' id='line_1_31' title="bbox 205 2346 1990 2421; baseline 0.003 -25"><span class='ocrx_word' id='word_1_272' title='bbox 205 2348 490 2416; x_wconf 87' lang='lat' dir='ltr'><strong>gitandum</strong></span> <span class='ocrx_word' id='word_1_273' title='bbox 513 2364 631 2397; x_wconf 86' lang='lat' dir='ltr'><strong>non</strong></span> <span class='ocrx_word' id='word_1_274' title='bbox 657 2346 744 2398; x_wconf 85' lang='lat' dir='ltr'><strong>est.</strong></span> <span class='ocrx_word' id='word_1_275' title='bbox 818 2349 879 2397; x_wconf 90' lang='lat' dir='ltr'><strong>In</strong></span> <span class='ocrx_word' id='word_1_276' title='bbox 901 2363 1038 2399; x_wconf 85' lang='lat' dir='ltr'><strong>voce</strong></span> <span class='ocrx_word' id='word_1_277' title='bbox 1060 2351 1319 2401; x_wconf 87' lang='lat' dir='ltr'><strong>Laviniae</strong></span> <span class='ocrx_word' id='word_1_278' title='bbox 1347 2351 1570 2419; x_wconf 88' lang='lat' dir='ltr'><strong>quidam</strong></span> <span class='ocrx_word' id='word_1_279' title='bbox 1603 2359 1797 2421; x_wconf 85' lang='lat' dir='ltr'><strong>putant</strong></span> <span class='ocrx_word' id='word_1_280' title='bbox 1820 2351 1990 2410; x_wconf 64' lang='lat' dir='ltr'><strong>ineisa,</strong></span> 
     </span>
     <span class='ocr_line' id='line_1_32' title="bbox 210 2419 2025 2493; baseline 0.003 -26"><span class='ocrx_word' id='word_1_281' title='bbox 210 2419 542 2470; x_wconf 84' lang='lat' dir='ltr'><strong>adlufionern</strong></span> <span class='ocrx_word' id='word_1_282' title='bbox 586 2419 653 2468; x_wconf 85' lang='lat' dir='ltr'><strong>ad</strong></span> <span class='ocrx_word' id='word_1_283' title='bbox 687 2420 807 2469; x_wconf 84' lang='lat' dir='ltr'><strong>eam</strong></span> <span class='ocrx_word' id='word_1_284' title='bbox 843 2421 996 2470; x_wconf 84' lang='lat' dir='ltr'><strong>verbi</strong></span> <span class='ocrx_word' id='word_1_285' title='bbox 1038 2422 1193 2471; x_wconf 84' lang='lat' dir='ltr'><strong>elauo</strong></span> <span class='ocrx_word' id='word_1_286' title='bbox 1237 2421 1713 2491; x_wconf 78' lang='lat' dir='ltr'><strong>significationem&#39;,</strong></span> <span class='ocrx_word' id='word_1_287' title='bbox 1762 2437 1866 2493; x_wconf 83' lang='lat' dir='ltr'><strong>qua</strong></span> <span class='ocrx_word' id='word_1_288' title='bbox 1903 2421 1986 2472; x_wconf 65' lang='lat' dir='ltr'><strong>‘est</strong></span> <span class='ocrx_word' id='word_1_289' title='bbox 2021 2435 2025 2438; x_wconf 62' lang='grc'><em>“</em></span> 
     </span>
     <span class='ocr_line' id='line_1_33' title="bbox 203 2490 1978 2562; baseline 0.002 -22"><span class='ocrx_word' id='word_1_290' title='bbox 203 2491 521 2559; x_wconf 68' lang='lat' dir='ltr'><strong>decoquere²</strong></span> <span class='ocrx_word' id='word_1_291' title='bbox 555 2490 694 2540; x_wconf 84' lang='lat' dir='ltr'><strong>Asin.</strong></span> <span class='ocrx_word' id='word_1_292' title='bbox 719 2509 760 2539; x_wconf 79' lang='grc' dir='ltr'><strong>ι.</strong></span> <span class='ocrx_word' id='word_1_293' title='bbox 783 2508 826 2541; x_wconf 86' lang='lat'><strong>2.</strong></span> <span class='ocrx_word' id='word_1_294' title='bbox 846 2507 894 2552; x_wconf 90' lang='lat'><strong>9.</strong></span> <span class='ocrx_word' id='word_1_295' title='bbox 932 2492 1092 2545; x_wconf 79' lang='lat' dir='ltr'><strong>bonis</strong></span> <span class='ocrx_word' id='word_1_296' title='bbox 1115 2494 1272 2551; x_wconf 79' lang='lat' dir='ltr'><strong>claui,</strong></span> <span class='ocrx_word' id='word_1_297' title='bbox 1308 2492 1464 2544; x_wconf 81' lang='lat' dir='ltr'><strong>Trin.</strong></span> <span class='ocrx_word' id='word_1_298' title='bbox 1487 2512 1529 2544; x_wconf 88' lang='lat'><strong>2.</strong></span> <span class='ocrx_word' id='word_1_299' title='bbox 1546 2511 1593 2554; x_wconf 84' lang='lat'><strong>4.</strong></span> <span class='ocrx_word' id='word_1_300' title='bbox 1620 2511 1661 2554; x_wconf 81' lang='grc' dir='ltr'><strong>ς.</strong></span> <span class='ocrx_word' id='word_1_301' title='bbox 1694 2506 1978 2562; x_wconf 82' lang='lat' dir='ltr'><strong>argentum</strong></span> 
     </span>
     <span class='ocr_line' id='line_1_34' title="bbox 200 2559 1980 2634; baseline 0.002 -24"><span class='ocrx_word' id='word_1_302' title='bbox 200 2573 363 2613; x_wconf 89' lang='lat' dir='ltr'><strong>tuum</strong></span> <span class='ocrx_word' id='word_1_303' title='bbox 393 2563 599 2611; x_wconf 83' lang='lat' dir='ltr'><strong>elotum</strong></span> <span class='ocrx_word' id='word_1_304' title='bbox 625 2559 696 2610; x_wconf 87' lang='lat' dir='ltr'><strong>est</strong></span> <span class='ocrx_word' id='word_1_305' title='bbox 726 2562 785 2609; x_wconf 89' lang='lat' dir='ltr'><strong>in</strong></span> <span class='ocrx_word' id='word_1_306' title='bbox 813 2563 1048 2614; x_wconf 74' lang='lat' dir='ltr'><strong>balneist</strong></span> <span class='ocrx_word' id='word_1_307' title='bbox 1092 2563 1342 2633; x_wconf 87' lang='lat' dir='ltr'><strong>praedam</strong></span> <span class='ocrx_word' id='word_1_308' title='bbox 1376 2566 1547 2634; x_wconf 82' lang='lat' dir='ltr'><strong>igitur</strong></span> <span class='ocrx_word' id='word_1_309' title='bbox 1572 2565 1980 2634; x_wconf 83' lang='lat' dir='ltr'><strong>intelligendam</strong></span> 
     </span>
     <span class='ocr_line' id='line_1_35' title="bbox 200 2632 1975 2703; baseline 0.002 -20"><span class='ocrx_word' id='word_1_310' title='bbox 200 2632 317 2692; x_wconf 81' lang='lat' dir='ltr'><strong>effe,</strong></span> <span class='ocrx_word' id='word_1_311' title='bbox 353 2650 515 2702; x_wconf 81' lang='lat' dir='ltr'><strong>quam</strong></span> <span class='ocrx_word' id='word_1_312' title='bbox 554 2633 621 2682; x_wconf 86' lang='lat' dir='ltr'><strong>de</strong></span> <span class='ocrx_word' id='word_1_313' title='bbox 649 2633 1028 2685; x_wconf 82' lang='lat' dir='ltr'><strong>decoctoribus</strong></span> <span class='ocrx_word' id='word_1_314' title='bbox 1061 2636 1260 2688; x_wconf 82' lang='lat' dir='ltr'><strong>mulier</strong></span> <span class='ocrx_word' id='word_1_315' title='bbox 1290 2637 1508 2703; x_wconf 87' lang='lat' dir='ltr'><strong>ceperit.</strong></span> <span class='ocrx_word' id='word_1_316' title='bbox 1582 2637 1764 2703; x_wconf 83' lang='lat' dir='ltr'><strong>Simeo</strong></span> <span class='ocrx_word' id='word_1_317' title='bbox 1791 2635 1975 2686; x_wconf 82' lang='lat' dir='ltr'><strong>Bofius</strong></span> 
     </span>
     <span class='ocr_line' id='line_1_36' title="bbox 200 2703 1974 2775; baseline 0.001 -23"><span class='ocrx_word' id='word_1_318' title='bbox 200 2704 268 2752; x_wconf 85' lang='lat' dir='ltr'><strong>ad</strong></span> <span class='ocrx_word' id='word_1_319' title='bbox 301 2706 508 2763; x_wconf 79' lang='lat' dir='ltr'><strong>Att.15.</strong></span> <span class='ocrx_word' id='word_1_320' title='bbox 546 2720 699 2772; x_wconf 60' lang='grc'><strong>(39.9.</strong></span> <span class='ocrx_word' id='word_1_321' title='bbox 731 2704 877 2773; x_wconf 90' lang='lat' dir='ltr'><strong>quod</strong></span> <span class='ocrx_word' id='word_1_322' title='bbox 904 2707 1216 2757; x_wconf 83' lang='lat' dir='ltr'><strong>Lanuvium</strong></span> <span class='ocrx_word' id='word_1_323' title='bbox 1254 2723 1369 2756; x_wconf 88' lang='lat' dir='ltr'><strong>non</strong></span> <span class='ocrx_word' id='word_1_324' title='bbox 1404 2703 1570 2758; x_wconf 85' lang='lat' dir='ltr'><strong>modo</strong></span> <span class='ocrx_word' id='word_1_325' title='bbox 1593 2706 1783 2757; x_wconf 77' lang='lat' dir='ltr'><strong>vrbem</strong></span> <span class='ocrx_word' id='word_1_326' title='bbox 1822 2706 1974 2775; x_wconf 83' lang='lat' dir='ltr'><strong>figni-</strong></span> 
     </span>
     <span class='ocr_line' id='line_1_37' title="bbox 196 2773 1987 2848; baseline 0.003 -26"><span class='ocrx_word' id='word_1_327' title='bbox 196 2774 339 2835; x_wconf 86' lang='lat' dir='ltr'><strong>ficet‚</strong></span> <span class='ocrx_word' id='word_1_328' title='bbox 393 2773 485 2826; x_wconf 86' lang='lat' dir='ltr'><strong>sed</strong></span> <span class='ocrx_word' id='word_1_329' title='bbox 528 2792 647 2826; x_wconf 84' lang='lat' dir='ltr'><strong>eam</strong></span> <span class='ocrx_word' id='word_1_330' title='bbox 689 2793 907 2845; x_wconf 88' lang='lat' dir='ltr'><strong>quoque</strong></span> <span class='ocrx_word' id='word_1_331' title='bbox 937 2779 1173 2847; x_wconf 86' lang='lat' dir='ltr'><strong>corporis</strong></span> <span class='ocrx_word' id='word_1_332' title='bbox 1208 2789 1430 2848; x_wconf 87' lang='lat' dir='ltr'><strong>partem,</strong></span> <span class='ocrx_word' id='word_1_333' title='bbox 1482 2778 1540 2827; x_wconf 89' lang='lat' dir='ltr'><strong>in</strong></span> <span class='ocrx_word' id='word_1_334' title='bbox 1581 2791 1684 2846; x_wconf 88' lang='lat' dir='ltr'><strong>qua</strong></span> <span class='ocrx_word' id='word_1_335' title='bbox 1720 2777 1987 2845; x_wconf 47' lang='lat' dir='ltr'><strong>pudenda*</strong></span> 
     </span>
     <span class='ocr_line' id='line_1_38' title="bbox 197 2843 1972 2923; baseline 0.002 -28"><span class='ocrx_word' id='word_1_336' title='bbox 197 2846 288 2897; x_wconf 82' lang='lat' dir='ltr'><strong>fita</strong></span> <span class='ocrx_word' id='word_1_337' title='bbox 325 2848 455 2903; x_wconf 73' lang='lat' dir='ltr'><strong>lint,</strong></span> <span class='ocrx_word' id='word_1_338' title='bbox 505 2845 766 2910; x_wconf 70' lang='grc' dir='ltr'><strong>κοχώνην,</strong></span> <span class='ocrx_word' id='word_1_339' title='bbox 813 2848 1103 2918; x_wconf 85' lang='lat' dir='ltr'><strong>legendum</strong></span> <span class='ocrx_word' id='word_1_340' title='bbox 1137 2860 1317 2919; x_wconf 82' lang='lat' dir='ltr'><strong>putat:</strong></span> <span class='ocrx_word' id='word_1_341' title='bbox 1362 2849 1672 2900; x_wconf 84' lang='lat' dir='ltr'><strong>Lanuviine</strong></span> <span class='ocrx_word' id='word_1_342' title='bbox 1709 2849 1800 2897; x_wconf 76' lang='lat' dir='ltr'><strong>hic</strong></span> <span class='ocrx_word' id='word_1_343' title='bbox 1815 2843 1972 2923; x_wconf 66' lang='lat' dir='ltr'><strong><em>sunt,</em></strong></span> 
     </span>
     <span class='ocr_line' id='line_1_39' title="bbox 196 2917 1971 2989; baseline 0.001 -22"><span class='ocrx_word' id='word_1_344' title='bbox 196 2924 337 2986; x_wconf 76' lang='lat' dir='ltr'><strong>quas</strong></span> <span class='ocrx_word' id='word_1_345' title='bbox 371 2928 474 2968; x_wconf 86' lang='lat' dir='ltr'><strong>etc.</strong></span> <span class='ocrx_word' id='word_1_346' title='bbox 547 2917 654 2966; x_wconf 90' lang='lat' dir='ltr'><strong>Alii</strong></span> <span class='ocrx_word' id='word_1_347' title='bbox 676 2918 864 2987; x_wconf 86' lang='lat' dir='ltr'><strong>legunt</strong></span> <span class='ocrx_word' id='word_1_348' title='bbox 890 2921 1141 2980; x_wconf 78' lang='lat' dir='ltr'><strong>Lamiae,</strong></span> <span class='ocrx_word' id='word_1_349' title='bbox 1177 2937 1315 2989; x_wconf 83' lang='lat' dir='ltr'><strong>quae</strong></span> <span class='ocrx_word' id='word_1_350' title='bbox 1346 2921 1705 2971; x_wconf 81' lang='lat' dir='ltr'><strong>adolescentes</strong></span> <span class='ocrx_word' id='word_1_351' title='bbox 1732 2917 1971 2969; x_wconf 85' lang='lat' dir='ltr'><strong>fascinat.</strong></span> 
     </span>
     <span class='ocr_line' id='line_1_40' title="bbox 196 2988 1974 3057; baseline 0.001 -18"><span class='ocrx_word' id='word_1_352' title='bbox 196 2990 327 3039; x_wconf 88' lang='lat' dir='ltr'><strong>Siue</strong></span> <span class='ocrx_word' id='word_1_353' title='bbox 373 2991 571 3040; x_wconf 86' lang='lat' dir='ltr'><strong>horum</strong></span> <span class='ocrx_word' id='word_1_354' title='bbox 617 2988 853 3057; x_wconf 87' lang='lat' dir='ltr'><strong>aliquem</strong></span> <span class='ocrx_word' id='word_1_355' title='bbox 899 3007 1091 3041; x_wconf 81' lang='lat' dir='ltr'><strong>verum</strong></span> <span class='ocrx_word' id='word_1_356' title='bbox 1134 2991 1351 3049; x_wconf 75' lang='lat' dir='ltr'><strong>vidiss&#39;e‚</strong></span> <span class='ocrx_word' id='word_1_357' title='bbox 1392 2992 1517 3040; x_wconf 22' lang='lat' dir='ltr'><strong>*fine</strong></span> <span class='ocrx_word' id='word_1_358' title='bbox 1556 3005 1745 3041; x_wconf 85' lang='lat' dir='ltr'><strong>omnes</strong></span> <span class='ocrx_word' id='word_1_359' title='bbox 1792 2990 1974 3040; x_wconf 76' lang='lat' dir='ltr'><strong>errass&#39;e</strong></span> 
     </span>
     <span class='ocr_line' id='line_1_41' title="bbox 194 3058 1972 3131; baseline 0.001 -22"><span class='ocrx_word' id='word_1_360' title='bbox 194 3072 368 3129; x_wconf 86' lang='lat' dir='ltr'><strong>putes,</strong></span> <span class='ocrx_word' id='word_1_361' title='bbox 410 3061 518 3109; x_wconf 90' lang='lat' dir='ltr'><strong>hoc</strong></span> <span class='ocrx_word' id='word_1_362' title='bbox 545 3072 726 3109; x_wconf 87' lang='lat' dir='ltr'><strong>tamen</strong></span> <span class='ocrx_word' id='word_1_363' title='bbox 751 3062 1088 3112; x_wconf 81' lang='lat' dir='ltr'><strong>Stratilacern</strong></span> <span class='ocrx_word' id='word_1_364' title='bbox 1108 3062 1304 3130; x_wconf 72' lang='lat' dir='ltr'><strong>{dixiss&#39;e</strong></span> <span class='ocrx_word' id='word_1_365' title='bbox 1326 3060 1572 3131; x_wconf 80' lang='lat' dir='ltr'><strong>adparet:</strong></span> <span class='ocrx_word' id='word_1_366' title='bbox 1608 3058 1819 3130; x_wconf 86' lang='lat' dir='ltr'><strong>quaestu</strong></span> <span class='ocrx_word' id='word_1_367' title='bbox 1853 3077 1972 3111; x_wconf 85' lang='lat' dir='ltr'><strong>earn</strong></span> 
     </span>
     <span class='ocr_line' id='line_1_42' title="bbox 194 3130 1977 3202; baseline 0.001 -21"><span class='ocrx_word' id='word_1_368' title='bbox 194 3132 503 3182; x_wconf 87' lang='lat' dir='ltr'><strong>meretricio</strong></span> <span class='ocrx_word' id='word_1_369' title='bbox 542 3142 791 3181; x_wconf 84' lang='lat' dir='ltr'><strong>ornatum</strong></span> <span class='ocrx_word' id='word_1_370' title='bbox 832 3132 982 3183; x_wconf 83' lang='lat' dir='ltr'><strong>suum</strong></span> <span class='ocrx_word' id='word_1_371' title='bbox 1013 3133 1225 3202; x_wconf 82' lang='lat' dir='ltr'><strong>paraffe.</strong></span> <span class='ocrx_word' id='word_1_372' title='bbox 1298 3133 1379 3193; x_wconf 74' lang='lat' dir='ltr'><strong>Ad</strong></span> <span class='ocrx_word' id='word_1_373' title='bbox 1411 3148 1503 3182; x_wconf 86' lang='lat' dir='ltr'><strong>eos</strong></span> <span class='ocrx_word' id='word_1_374' title='bbox 1539 3132 1761 3190; x_wconf 89' lang='lat' dir='ltr'><strong>adcedo‚</strong></span> <span class='ocrx_word' id='word_1_375' title='bbox 1797 3133 1889 3200; x_wconf 78' lang='lat' dir='ltr'><strong>q&#39;ui</strong></span> <span class='ocrx_word' id='word_1_376' title='bbox 1915 3130 1977 3183; x_wconf 60' lang='lat' dir='ltr'><strong>‘ro&#39;</strong></span> 
     </span>
     <span class='ocr_line' id='line_1_43' title="bbox 196 3201 1974 3273; baseline -0.004 -15"><span class='ocrx_word' id='word_1_377' title='bbox 196 3204 286 3252; x_wconf 73' lang='lat' dir='ltr'><strong>hic</strong></span> <span class='ocrx_word' id='word_1_378' title='bbox 319 3201 574 3258; x_wconf 62' lang='grc' dir='ltr'><em>δεικτικῶς</em></span> <span class='ocrx_word' id='word_1_379' title='bbox 597 3203 830 3270; x_wconf 70' lang='lat' dir='ltr'><strong>positum</strong></span> <span class='ocrx_word' id='word_1_380' title='bbox 877 3205 1123 3255; x_wconf 81' lang='lat' dir='ltr'><strong>censent:</strong></span> <span class='ocrx_word' id='word_1_381' title='bbox 1173 3205 1262 3254; x_wconf 79' lang='lat' dir='ltr'><strong>hic</strong></span> <span class='ocrx_word' id='word_1_382' title='bbox 1294 3203 1472 3273; x_wconf 82' lang='lat' dir='ltr'><strong>digito</strong></span> <span class='ocrx_word' id='word_1_383' title='bbox 1513 3201 1829 3267; x_wconf 74' lang='lat' dir='ltr'><strong>monstrans,</strong></span> <span class='ocrx_word' id='word_1_384' title='bbox 1868 3217 1974 3271; x_wconf 87' lang='lat' dir='ltr'><strong>qua</strong></span> 
     </span>
     <span class='ocr_line' id='line_1_44' title="bbox 195 3271 1968 3344; baseline -0.001 -22"><span class='ocrx_word' id='word_1_385' title='bbox 195 3273 388 3323; x_wconf 87' lang='lat' dir='ltr'><strong>mulier</strong></span> <span class='ocrx_word' id='word_1_386' title='bbox 422 3285 547 3330; x_wconf 83' lang='lat' dir='ltr'><strong>erat,</strong></span> <span class='ocrx_word' id='word_1_387' title='bbox 586 3273 679 3322; x_wconf 86' lang='lat' dir='ltr'><strong>hic</strong></span> <span class='ocrx_word' id='word_1_388' title='bbox 697 3271 822 3324; x_wconf 87' lang='lat' dir='ltr'><strong>sunt</strong></span> <span class='ocrx_word' id='word_1_389' title='bbox 851 3292 910 3323; x_wconf 87' lang='lat' dir='ltr'><strong>ea</strong></span> <span class='ocrx_word' id='word_1_390' title='bbox 939 3291 1105 3336; x_wconf 87' lang='lat' dir='ltr'><strong>arma,</strong></span> <span class='ocrx_word' id='word_1_391' title='bbox 1143 3275 1343 3344; x_wconf 81' lang='lat' dir='ltr'><strong>quibus</strong></span> <span class='ocrx_word' id='word_1_392' title='bbox 1374 3277 1629 3324; x_wconf 85' lang='lat' dir='ltr'><strong>victorias</strong></span> <span class='ocrx_word' id='word_1_393' title='bbox 1667 3287 1782 3324; x_wconf 83' lang='lat' dir='ltr'><strong>tuas</strong></span> <span class='ocrx_word' id='word_1_394' title='bbox 1819 3288 1968 3343; x_wconf 84' lang='lat' dir='ltr'><strong>prae-</strong></span> 
     </span>
     <span class='ocr_line' id='line_1_45' title="bbox 191 3343 1969 3417; baseline 0 -25"><span class='ocrx_word' id='word_1_395' title='bbox 191 3344 392 3413; x_wconf 78' lang='lat' dir='ltr'><strong>dasque</strong></span> <span class='ocrx_word' id='word_1_396' title='bbox 419 3355 658 3410; x_wconf 81' lang='lat' dir='ltr'><strong>reporta:s</strong></span> <span class='ocrx_word' id='word_1_397' title='bbox 696 3372 784 3385; x_wconf 86' lang='lat'><strong>--</strong></span> <span class='ocrx_word' id='word_1_398' title='bbox 806 3364 827 3395; x_wconf 85' lang='lat'>2</span> <span class='ocrx_word' id='word_1_399' title='bbox 845 3363 886 3397; x_wconf 87' lang='lat'><strong>1.</strong></span> <span class='ocrx_word' id='word_1_400' title='bbox 926 3362 1105 3415; x_wconf 86' lang='lat' dir='ltr'><strong>quare,</strong></span> <span class='ocrx_word' id='word_1_401' title='bbox 1153 3363 1327 3417; x_wconf 87' lang='lat' dir='ltr'><strong>quum</strong></span> <span class='ocrx_word' id='word_1_402' title='bbox 1355 3360 1584 3399; x_wconf 85' lang='lat' dir='ltr'><strong>manum</strong></span> <span class='ocrx_word' id='word_1_403' title='bbox 1607 3346 1806 3397; x_wconf 80' lang='lat' dir='ltr'><strong>mulier</strong></span> <span class='ocrx_word' id='word_1_404' title='bbox 1837 3343 1969 3414; x_wconf 84' lang='lat' dir='ltr'><strong>digi-</strong></span> 
     </span>
    </p>
   </div>
  </div>
 </body>
</html>
