2144 3554
597 108 803 214 aci-rs
844 147 917 210 11.
982 162 1243 215 semum
1287 148 1395 212 lv.
1768 171 1883 231 255

50 359 51 362 ,
104 306 230 362 cebo
317 306 431 366 uod
469 306 634 377 igitur
677 305 916 373 recipere
960 316 1077 352 non
1122 299 1395 352 dubitaui.
1478 301 1631 355 Dicit
1672 305 1891 367 mulier,

100 396 218 433 non
245 379 361 440 ele,
394 395 490 431 cur
514 388 721 429 metuat
746 371 1049 430 Palaestrio,
1085 385 1146 424 vt
1170 370 1296 422 satia
1339 371 1450 441 ipsa
1485 372 1709 427 subdola
1741 378 1892 427 fit..

50 460 51 464 ’
105 452 154 515 3'.
195 451 408 502 memini
454 447 741 509 obseruaui
792 445 990 504 malas,
1026 454 1094 495 vt
1114 441 1237 517 fint
1278 445 1459 495 malae
1503 447 1756 515 qualibus
1797 446 1892 501 fal-

103 523 214 573 lere
245 520 445 574 soleant
481 520 702 576 artibus,
757 537 787 568 e
860 534 927 566 uo
971 514 1121 586 quod
1157 512 1497 568 obseruando
1531 516 1775 588 perspexi
1817 547 1891 561 -

90 588 258 670 solae
289 607 391 663 pro
405 585 526 667 soli
549 619 620 630 -
656 589 787 639 mihi
795 535 957 665 fitne
990 607 1018 636 e
1057 605 1164 656 quo
1171 579 1427 710 ¹supersit*
1462 589 1608 639 vnde
1650 589 1891 656 confido.

105 680 195 716 me
232 678 420 715 omnes
459 665 590 713 alias
632 660 857 711 fallendi
901 671 1011 710 arte
1039 658 1139 710 effe
1195 672 1539 727 uperatnram
1566 689 1639 700 —
1670 663 1720 712 6.
1758 660 1895 737 {stoc

107 734 352 802 exemplo
403 746 463 784 vt
501 734 591 789 bic
633 731 815 783 adstas.
891 731 1093 799 Lipsius
1130 740 1313 800 putat:
1372 732 1627 784 manibus
1669 746 1794 784 ante
1842 748 1898 785 te

110 805 364 866 “proiectis
420 816 476 855 et
524 806 722 856 leniter
772 801 1039 861 diductis,
1102 815 1164 853 vt
1215 800 1603 871 adprehensuri
1656 805 1895 874 aliquem

105 823 267 937 Kana
316 873 496 928 Donsa
537 891 693 927 vero:
752 875 1007 925 manibus
1039 871 1153 943 post
1195 887 1405 943 tergum
1447 876 1786 946 complicatis
1823 905 1895 917 —

38 995 41 998 ,
107 939 270 1001 e'aetra
314 958 533 1015 portam
586 945 649 996 ls.
686 944 1035 998 Casaubonus
1091 946 1323 1012 explicat
1379 947 1667 1015 xoepcv'vemv
1711 946 1899 1018 θύραν,

43 1052 47 1065 «
145 1035 214 1071 ua
257 1019 514 1079 Athenis,
563 1019 793 1086 aliisque
842 1017 899 1067 in
952 1016 1176 1067 vrbibus
1233 1019 1468 1087 graecia,
1527 1016 1770 1069 damnati
1830 1018 1899 1069 ad

106 1037 437 1161 pubplicium
486 1087 883 1148 educebantur3
941 1088 1034 1137 alii
1080 1103 1362 1139 romanam
1406 1101 1629 1155 portam
1664 1092 1897 1141 Metiam

106 1161 199 1213 seu
249 1157 625 1237 Esquilinam,
689 1171 832 1211 extra
890 1174 1054 1226 qnam
1116 1155 1377 1227 subplicia
1430 1158 1783 1211 sumebantur
1826 1189 1899 1200 --

58 1228 427 1309 27.dlquffis
451 1231 700 1283 manibus
772 1246 904 1279 unm
938 1245 1132 1279 manus
1160 1242 1285 1282 tuae
1313 1231 1371 1279 in
1402 1233 1648 1299 patibulo
1682 1232 1900 1302 dispen-

111 1303 308 1356 dentur
336 1333 408 1344 -
463 1309 512 1356 Β.
561 1304 683 1372 quis
733 1249 1002 1352 {minine
1053 1300 1214 1352 illaec
1270 1302 1461 1353 mulier
1504 1301 1813 1371 vid.·Epid.
1848 1324 1897 1366 4.

117 1394 163 1428 ι.
186 1377 234 1426 6.
261 1404 333 1416 --
375 1392 452 1426 ιι.
477 1372 712 1426 Sceledri
737 1372 851 1442 post
881 1372 985 1423 tihi
1014 1373 1454 1443 interrogationis
1485 1374 1697 1444 signum
1725 1374 1900 1445 posui.

109 1446 254 1499 Nam
303 1447 480 1515 primo
536 1460 733 1515 negare
786 1445 932 1502 vult,
994 1442 1047 1494 se
1094 1444 1439 1498 Palaestrioni
1499 1446 1557 1495 id
1608 1446 1794 1498 dixilse
1832 1476 1904 1486 —

115 1535 198 1582 ις.
231 1516 439 1570 carebis
467 1517 640 1567 oculis
667 1514 773 1566 istis
799 1515 1090 1566 stultiuidis
1119 1542 1191 1555 --
1236 1523 1310 1569 18.
1321 1511 1581 1589 sahulem
1607 1517 1817 1569 fabuler
1835 1548 1906 1558 -—

118 1603 200 1656 19.
239 1605 444 1639 crucem
476 1583 790 1671 sepulcrum
837 1602 928 1636 me
974 1587 1034 1634 in
1086 1602 1244 1638 cruce
1298 1587 1399 1639 effe
1449 1587 1783 1657 periturum,
1853 1604 1908 1643 et

119 1679 202 1712 20.
224 1653 364 1736 sunt
384 1655 492 1732 fitz
529 1660 808 1727 perierunt
842 1685 914 1696 -
962 1675 1041 1708 21.
1077 1659 1228 1722 hisce
1264 1659 1430 1719 oculi,
1478 1677 1575 1730 pro
1613 1662 1748 1712 hice.
1816 1662 1909 1713 Sic

113 1729 255 1784 scd).
293 1736 416 1782 v.6.
455 1731 605 1785 hisce
644 1731 887 1781 homines
917 1755 989 1767 —-
1013 1722 1210 1801 fodiri
1250 1730 1404 1801 supra
1444 1729 1581 1795 sc.3.
1635 1752 1688 1783 v.
1712 1751 1797 1796 44.
1835 1761 1908 1772 —-—

118 1798 436 1855 2'1.sensue:
472 1817 586 1852 non
624 1812 779 1870 potes
813 1800 980 1864 minis
1024 1802 1133 1850 tuis
1166 1798 1409 1860 efficere,
1448 1817 1535 1862 vt,
1576 1804 1726 1875 quod
1767 1805 1906 1865 vidi,

113 1889 231 1924 non
261 1873 499 1923 viderim
522 1899 595 1912 --
634 1876 715 1923 26.
751 1872 998 1922 clatrata
1033 1873 1212 1923 clatris
1247 1876 1478 1924 munita.
1520 1875 1686 1927 clatri
1720 1890 1906 1928 autem

115 1947 301 2014 virgae
346 1942 500 2003 sunt,
556 1944 768 2012 ligneae
799 1941 1103 2000 ferreaeue,
1158 1945 1360 2013 quibus
1400 1944 1661 1998 fenestrae
1706 1950 1908 1999 vallan-

115 2028 206 2068 tur
233 2042 306 2056 -—
344 2033 424 2079 27.
457 2013 661 2088 ecqslor
698 2032 827 2080 ergo
868 2016 1001 2064 mihi
1033 2029 1132 2065 etc.
1174 2017 1413 2068 nimium
1449 2022 1636 2087 cupio.
1674 2030 1734 2069 vt
1758 2038 1904 2086 erg0,

116 2103 254 2159 quae
299 2087 392 2138 hic
448 2084 638 2136 vidiss'e
686 2087 831 2144 vult,
894 2087 1144 2137 indicent
1181 2089 1353 2146 mihi,
1412 2091 1596 2157 reapse
1650 2091 1904 2152 eueniffe,

119 2158 270 2230 quod
306 2158 409 2211 hac
447 2169 609 2208 nocte
660 2157 929 2208 somniaui
968 2185 1040 2197 --
1096 2176 1174 2218 33.
1200 2159 1602 2235 Palaestrionis
1631 2158 1906 2238 somnium

114 2228 412 2282 narratur!
468 2229 618 2279 Haec
662 2230 827 2278 verba
872 2244 899 2277 a
950 2229 1224 2298 plerisque
1275 2233 1592 2284 tribuuntur
1635 2235 1906 2287 Sceledro,

31 2328 49 2358 ,ς
118 2303 242 2370 quis
271 2299 343 2350 est
372 2300 535 2365 verb,
579 2302 672 2350 cui
698 2300 980 2350 Sceledrus
1017 2299 1151 2351 adeo
1183 2303 1478 2375 yerspicax
1519 2304 1677 2375 poffit
1711 2306 1907 2365 videri,

116 2384 213 2423 aut
267 2376 432 2442 quae*
467 2371 714 2441 indagari
767 2370 983 2440 polsnnt
1031 2371 1281 2441 vestigia,
1345 2377 1631 2443 paululum
1681 2379 1909 2447 quidem

113 2442 366 2496 subolere
400 2445 470 2501 ei,
511 2443 787 2494 obcultam
826 2443 927 2492 effe
954 2443 1096 2492 inter
1126 2443 1538 2498 Palaestrionem
1564 2449 1908 2501 Philocoma-

115 2515 360 2584 stumque
400 2512 874 2584 conspirationem.
950 2514 1210 2566 Adtonito
1247 2520 1435 2586 potius
1468 2520 1651 2571 animo
1691 2521 1909 2572 inhians

117 2585 364 2636 adstitiffe
398 2587 566 2639 homo
613 2584 856 2653 stupidus
897 2584 1197 2636 credendus
1236 2587 1323 2640 est.
1417 2590 1791 2643 Palaestrionis
1840 2593 1908 2641 ad

30 2702 34 2710 ,ζ
117 2657 439 2726 spectatores
484 2657 645 2706 verba
696 2654 851 2716 sunt,
902 2656 1180 2714 docentis,
1236 2659 1379 2710 hanc
1417 2664 1727 2714 machinam
1767 2665 1908 2714 labe-

107 2721 358 2778 'factandi
390 2727 629 2779 Sceledri
666 2725 794 2787 ess'e,
834 2727 900 2778 de
943 2745 1047 2807 qua
1079 2731 1220 2777 inter
1253 2729 1304 2781 se
1344 2743 1399 2782 et
1432 2736 1670 2802 puellam
1708 2738 1908 2787 conae-

119 2801 360 2849 nerit.·——
415 2817 496 2860 37.
536 2796 684 2869 quqfi
721 2816 862 2848 nunc
899 2798 972 2871 ‹fft
1011 2800 1068 2848 id
1114 2801 1264 2868 quod
1294 2800 1457 2857 nunc
1482 2808 1735 2875 vigilanti
1767 2809 1909 2857 mihi

123 2869 328 2920 adcidit
366 2898 440 2908 —-—
495 2877 578 2930 38.
609 2867 873 2943 suumpte
910 2873 1064 2920 suum
1110 2872 1273 2939 ipsius
1298 2901 1370 2912 —
1407 2893 1493 2939 4¹.
1538 2881 1716 2928 omnia
1751 2898 1908 2945 prae-

84 2942 85 2945 ’
104 2933 296 3015 sentia
325 2953 554 2996 euentus
588 2941 764 2997 docet,
793 2940 1066 2991 somnium
1098 2952 1257 2992 tuum
1290 2963 1407 2996 non
1432 2940 1587 2997 fuiffe
1610 2966 1814 3001 vanum
1836 2980 1911 2989 .-

121 3027 466 3076 comprecare
521 3012 669 3061 mola
714 3009 838 3061 salsa
876 3023 929 3062 et
972 3014 1133 3063 thure
1167 3014 1452 3082 deprecare
1494 3017 1801 3078 somnium,
1848 3038 1911 3073 ac

119 3095 312 3151 pacem
344 3084 671 3153 veniamque
719 3098 746 3131 a
794 3083 924 3134 Iove
967 3084 1256 3152 prodigiali
1316 3089 1530 3159 diisque
1579 3095 1909 3149 auerrunciS,

117 3153 225 3201 i.e.
267 3153 535 3202 malorum
581 3152 974 3220 depulsoribu5‚
1025 3157 1240 3206 exambi
1269 3186 1342 3197 ·-
1388 3178 1473 3224 44.
1511 3152 1708 3238 dorsus
1735 3165 1911 3227 (viim-

38 3267 43 3273 .
120 3223 234 3272 tius
263 3221 500 3288 dorsum)
535 3227 719 3290 prurit
754 3242 808 3273 v.
837 3226 1033 3293 Amph.
1067 3244 1109 3277 1.
1144 3244 1186 3277 1.
1214 3245 1327 3296 139.
1364 3233 1561 3284 Bacch.
1583 3252 1630 3298 5.
1662 3254 1706 3285 ι.
1737 3252 1910 3298 75...-

67 3364 73 3367 7
119 3309 208 3359 45..
242 3294 393 3345 domi
421 3303 568 3346 certo
596 3295 1054 3354 Philocomalium
1089 3296 1176 3348 est.
