2144 3554
644 172 853 218 acrvs
899 155 1004 219 lV.
1082 169 1340 217 sctum
1381 155 1535 217 1.11.
1861 175 1972 228 331

86 356 88 362 .
154 368 162 377 ¹
201 313 356 380 riqu'e
382 314 545 362 vetat.
582 307 640 358 id
665 306 698 356 fi
725 306 860 357 duos
887 303 998 357 fere
1026 305 1237 357 menses
1264 303 1507 356 omiseris
1531 303 1724 365 facere,
1768 316 1848 370 5¹-
1878 326 1976 359 vo-

202 383 379 432 lucres
431 379 534 431 tibi
577 390 744 429 erunt
790 386 915 428 tuae
951 379 1238 446 hirquinae
1281 377 1478 445 lanugo
1523 379 1615 427 illa
1655 377 1751 428 sub
1799 381 1977 430 axillis

198 451 325 504 satie
361 450 615 521 eruperit,
652 460 706 499 et
739 451 843 500 erit
882 449 982 499 tibi
1051 466 1108 500 ro
1146 450 1359 516 pennis,
1391 460 1453 499 vt
1487 449 1671 498 volare
1711 447 1870 517 poffie
1903 472 1977 491 ⁶·-

198 524 486 592 hit-quinae
519 521 610 572 seu
646 522 890 572 hircinae
922 467 1047 570 'vicli
1085 518 1276 571 Pseud.
1310 538 1352 569 ι.
1385 536 1433 580 4.
1465 525 1549 581 48.
1603 518 1672 570 cf.
1708 518 1900 570 Pseud.
1921 537 1975 582 4.

203 604 252 661 ζ.
285 605 362 644 ιτ.
397 621 470 633 -
511 605 591 654 32.
616 594 722 661 (qui
761 592 913 641 homo
958 592 990 639 fi
1033 592 1155 660 quis
1194 610 1307 642 eum
1344 590 1600 640 lenonem
1638 594 1806 649 norit,
1845 590 1978 642 sciat

197 677 326 716 oum
360 659 621 734 ingenuae
657 663 803 733 apud
837 661 889 712 se
927 663 1124 714 habere
1164 661 1356 720 seruas,
1394 664 1502 711 cito
1541 664 1700 712 homo
1740 662 1866 713 leno
1905 660 1975 711 ab

197 751 260 785 eo
317 735 560 802 peruerti
605 734 842 805 obprimi
893 732 1072 807 potesc'
1123 763 1194 774 --
1258 749 1338 796 54.
1399 730 1634 806 rglf'st'am
1688 733 1975 802 persistam.

199 807 428 858 Rectius
479 808 684 857 tacitus
732 806 833 855 tibi
894 804 1127 928 resglam
1171 806 1343 874 magio
1391 815 1598 856 tectum
1642 807 1980 872 tacitumque

195 876 464 946 praestabo
496 878 617 934 tibi,
659 895 816 946 quam
855 895 958 946 quo
1031 878 1210 927 malae
1245 878 1483 945 garrulae
1523 876 1736 926 mulieri
1773 877 1978 927 dictum

199 945 292 1023 ss.
374 948 676 1003 Palmeriue
712 949 871 1018 legit:
923 952 1118 1000 tectius
1155 950 1382 999 tacitius
1416 946 1519 997 tihi
1555 966 1661 997 rem
1675 946 1873 1022 fistam
1903 974 1977 987 --

197 1029 377 1070 (usne
399 1038 435 1070 a
457 1030 513 1070 te
535 1021 792 1088 perdaeam
814 1035 909 1087 pro
933 1036 1166 1089 peream,
1201 1020 1504 1089 interposita
1530 1019 1680 1069 litera
1704 1021 1771 1078 d,
1793 1019 1977 1077 metri,

194 1101 257 1140 vt
287 1101 511 1159 putant,
561 1092 742 1153 causa;
789 1092 937 1142 idern
971 1091 1069 1149 est,
1120 1090 1267 1162 quod
1311 1110 1376 1141 ne
1410 1110 1444 1139 a
1476 1101 1531 1140 te
1568 1091 1792 1157 perdar.
1884 1081 1978 1140 Si⁰c

194 1160 340 1212 Plan.
372 1162 443 1214 H.
471 1161 540 1213 N.
581 1180 599 1212 1
618 1181 659 1213 1.
685 1162 766 1224 37².
823 1161 1128 1220 Marcellus,
1171 1178 1341 1231 quum
1366 1164 1536 1227 periit
1559 1163 1627 1212 ab
1647 1161 1975 1213 Hannibale.

196 1229 436 1301 Gronov..
481 1235 752 1285 coniecit:
794 1251 859 1283 na
901 1250 938 1282 a
980 1244 1036 1283 te
1065 1233 1347 1299 pendeam.
1385 1259 1456 1271 —-
1501 1234 1584 1292 64.
1632 1250 1729 1300 pro
1780 1253 1861 1283 me
1905 1251 1975 1282 ex

202 1301 679 1375 Syncerqslocum
706 1303 938 1355 Meurfio
967 1320 996 1353 e
1023 1306 1156 1355 Ven.
1179 1301 1296 1353 Bas.
1328 1316 1380 1355 et
1402 1301 1563 1353 Paris.
1598 1303 1977 1371 recipiendum

191 1377 386 1444 putaui
412 1375 533 1426 med
562 1394 631 1426 ex
660 1373 1012 1450 yncerqfium.
1055 1375 1273 1426 Nomen
1292 1376 1447 1444 pueri
1472 1386 1583 1425 erat
1605 1373 1975 1447 Syncerastvs,-

188 1446 357 1497 Varro
394 1457 581 1498 autem
659 1447 746 1497 .L.
771 1449 819 1497 6.
842 1465 887 1507 3.
926 1445 1088 1498 dicit:
1115 1441 1492 1521 sym-erastum
1534 1444 1606 1496 est
1644 1462 1809 1496 omne
1850 1445 1979 1496 edu·

189 1517 348 1581 lium,
393 1520 620 1589 antiquo
653 1518 920 1569 vocabulo
960 1533 1170 1587 graecO.
1264 1517 1414 1568 Dicit
1452 1512 1616 1586 igitur
1655 1533 1822 1587 puer:
1871 1534 1978 1578 me,

189 1605 342 1639 nunc
379 1588 735 1656 synt-:erastum
766 1588 1003 1639 medulla
1032 1591 1258 1659 plenum
1290 1599 1344 1637 et
1377 1589 1657 1659 pinguem,
1707 1590 1866 1640 herus
1903 1592 1979 1641 ita

191 1662 508 1721 mulctabit,
565 1673 628 1710 vt
667 1661 786 1712 talis
828 1660 928 1712 effe
979 1659 1247 1718 defluam,
1297 1672 1352 1710 et
1400 1659 1749 1729 crurifragius
1789 1662 1976 1731 potino

191 1730 335 1783 fiam.
411 1720 641 1789 Coluius
675 1744 856 1782 autem
883 1743 938 1781 et
957 1731 1231 1783 Acidalius
1261 1730 1430 1781 ductu
1456 1733 1653 1781 veteris
1684 1731 1978 1800 scripturae

182 1802 487 1872 'legendum
514 1814 776 1876 putarunt
801 1800 1184 1875 eoefinceratum
1202 1797 1403 1874 fecerit
1429 1805 1465 1852 i.
1485 1819 1530 1852 e.
1554 1804 1723 1871 virgis
1746 1800 1975 1856 caesum.

189 1873 346 1925 Most.
375 1892 424 1938 4.
461 1893 503 1926 1.
542 1893 619 1926 11.
668 1905 740 1915 -
794 1877 878 1925 66.
927 1870 1192 1951 itzdlcaffo
1224 1873 1542 1926 indicauero
1575 1903 1647 1912 —
1681 1878 1765 1925 68.
1804 1873 1977 1933 Fidei,

162 1943 582 2017 ‘deae‚1de‘qua
608 1948 728 1998 Aul.
750 1963 794 2008 3.
817 1949 864 1995 6.
895 1963 979 2004 47.
1013 1960 1114 1997 etc.
1142 1974 1213 1984 —
1252 1963 1334 2007 7¹·
1365 1946 1421 1994 id
1448 1946 1660 1996 Facile.-
1692 1946 1977 2015 quomodo

189 2016 350 2071 facile
375 2034 512 2070 eum
544 2019 771 2087 perdere
805 2015 962 2088 possit
993 2046 1064 2057 ·-
1105 2035 1188 2079 75.
1219 2018 1455 2085 quanti?
1493 2028 1644 2085 rogat
1670 2018 1781 2074 hic,
1814 2028 1874 2066 vt
1909 2018 1978 2078 76

190 2090 334 2140 duas
369 2089 588 2142 minas?
625 2093 851 2140 miratus
885 2090 993 2139 vile
1028 2090 1286 2156 pretium.
1360 2087 1466 2137 Sed
1505 2088 1763 2155 pamulae
1798 2088 1978 2140 adhuc

188 2172 358 2217 erant,
384 2177 554 2231 quum
571 2158 958 2219 venderentur,
993 2172 1048 2211 et
1061 2159 1316 2210 venditor
1344 2152 1674 2230 ses-urlinus
1700 2158 1978 2229 subreptae

187 2231 575 2286 vendere‘non
601 2227 932 2284 diffitebatur
961 2261 1034 2271 -—
1070 2237 1151 2292 83.
1176 2236 1257 2291 84.
1287 2231 1346 2279 in
1385 2224 1552 2305 causa
1584 2231 1800 2281 liberali
1830 2231 1974 2282 imn-

187 2306 279 2355 cio
317 2302 411 2355 seu
442 2306 657 2356 actione
696 2304 763 2354 de
797 2304 1064 2354 libertate.
1100 2321 1261 2351 manu
1300 2319 1394 2351 eas
1439 2297 1669 2377 adserat
1705 2320 1731 2352 a
1774 2303 1977 2354 lenone

186 2374 399 2443 liberali
434 2375 587 2428 causa
626 2377 985 2445 ingenuitati;
1033 2372 1253 2424 seruitio
1293 2374 1543 2424 liberatas
1574 2375 1634 2421 in
1671 2374 1979 2425 libertatem

187 2446 436 2498 vindicet
469 2477 541 2486 —-
587 2454 613 2498 8
625 2465 671 2509 ς.
710 2450 880 2498 incita
921 2447 1006 2511 (ab
1049 2447 1252 2511 incieo)
1298 2445 1444 2494 linea
1489 2447 1548 2495 in
1585 2445 1697 2495 alea
1739 2459 1850 2497 erat
1894 2462 1973 2505 ea,
2039 2505 2043 2511 ἱ

188 2534 298 2588 quo
337 2519 576 2570 calculus
605 2535 633 2567 a
671 2517 850 2570 lusore
886 2518 1136 2568 redactus
1173 2517 1387 2567 moueri
1413 2517 1644 2583 amplius
1680 2533 1795 2567 non
1826 2529 1978 2585 pote·

185 2590 283 2641 rat.
367 2590 522 2641 Vnde
555 2592 632 2640 ad
667 2592 869 2642 incitas
906 2590 1084 2655 redigi
1116 2589 1324 2656 tropice
1358 2586 1445 2646 est,
1484 2588 1558 2648 ita
1592 2590 1878 2662 corarctari
1916 2590 1976 2637 in

185 2658 564 2731 angustiasque
607 2663 878 2729 compelli,
923 2668 1001 2718 vt,
1036 2676 1142 2728 qua
1179 2658 1375 2710 euadas
1407 2657 1771 2728 effugiasque,
1823 2661 1973 2710 nulla

140 2792 148 2796 ⁴
185 2733 436 2784 videatur
458 2736 549 2784 via
577 2731 674 2785 effe
701 2735 922 2802 reliqua.
961 2733 1118 2781 Trin.
1142 2747 1251 2793 ²·4-
1275 2734 1388 2790 136.
1420 2758 1492 2768 —
1528 2735 1610 2781 86.
1635 2734 1784 2799 prius
1810 2747 1976 2799 quam

117 2823 123 2830 ⁸
185 2801 354 2858 vniam
410 2805 607 2856 calcem
676 2821 851 2854 vnum
908 2804 1181 2856 calculum
1249 2803 1444 2851 offuerit
1500 2803 1647 2853 ciere
1715 2805 1972 2872 potuerit,

191 2876 498 2943 disperibit.
556 2874 842 2927 Fallaciam
866 2890 894 2923 a
916 2875 1231 2943 Milphione
1251 2874 1607 2942 excogitatam
1628 2889 1782 2941 puer,
1812 2890 1974 2925 euen-

186 2957 418 3016 tumque
461 2949 580 2998 eius
618 2947 857 3019 Milphio
893 2945 1004 3015 ipse
1043 2945 1224 2994 adhuc
1255 2944 1580 3014 ignorabant
1608 2973 1681 2983 —-
1727 2961 1814 3008 9²·
1846 2948 1972 2995 dum

9 3010 36 3065 ’6
188 3017 331 3068 calet
372 3016 479 3068 fine
511 3035 692 3076 mora,
729 3020 882 3087 prius
917 3034 1082 3086 quam
1118 3017 1244 3065 leno
1286 3017 1493 3085 puellas
1536 3015 1743 3065 vendat
1773 3046 1844 3055 —-
1874 3034 1971 3085 pro

189 3107 309 3139 cum
351 3107 535 3141 mones
564 3087 740 3142 forsan
772 3108 1079 3140 commones
1120 3115 1192 3126 —-
1234 3094 1319 3150 98.
1349 3103 1434 3151 99.
1461 3086 1575 3137 vid.
1603 3097 1717 3138 not.
1751 3087 1819 3136 ad
1852 3105 1898 3148 3.
1929 3105 1972 3139 1.

186 3177 255 3222 4'7
294 3158 361 3210 ad
395 3177 478 3224 49.
509 3190 581 3200 —-
630 3181 741 3213 100.
779 3160 1168 3229 spectatoribus
1194 3155 1373 3208 fuiss'et
1395 3158 1542 3215 odio,
1580 3158 1632 3214 fi,
1669 3174 1831 3226 quarn
1859 3175 1977 3213 rem

116 3255 119 3258 ·
182 3230 512 3282 'audiuerant
544 3233 729 3292 modo,
772 3236 973 3284 iterum
1014 3229 1282 3287 narraffet,
1315 3231 1451 3280 hero
1483 3242 1666 3279 autem
1703 3245 1785 3278 res
1828 3244 1975 3280 noua

186 3316 320 3366 erat,
355 3319 523 3374 eaque
543 3320 662 3357 non
685 3305 832 3367 odio,
871 3303 964 3356 sed
990 3318 1255 3374 perquam
1283 3315 1446 3373 grata.
1505 3300 1781 3352 Boxhorn.
1807 3300 1976 3371 igitur

3 3161 42 3443 „·-(-<1.„3·‘'{‚›;q.-›)4
14 3101 45 3138 ιζ
32 3071 38 3080 .

7 3513 34 3529 ,ζ
14 3468 33 3503 -aefi
