2144 3554
270 196 298 252 3
313 193 386 249 34
727 209 743 231 ι
946 191 1019 236 m
1081 191 1366 238 fomur

262 344 396 382 vero
431 327 696 396 Scioppio·
719 323 1172 395 elegantiffimum
1204 327 1360 397 poffit
1392 331 1585 391 videri,
1625 345 1740 385 non
1766 334 2040 408 intelligo.

262 403 402 453 Edd.
431 411 562 451 vett.
596 399 798 448 habent
830 398 1144 469 arbitratur,
1166 426 1238 436 ——
1276 407 1361 460 48.
1393 405 1489 469 qm·
1510 422 1702 455 zonam
1739 425 1845 456 non
1874 410 2042 461 habes

261 477 364 545 qui
390 470 531 523 veste
561 471 727 520 vteris
761 469 1074 519 Poenorum
1102 487 1253 521 more
1278 471 1559 526 discincta.
1619 477 1886 527 Adludere
1917 494 2044 532 eum

203 540 209 545 ²
261 546 330 596 ad
354 544 640 612 pecuniam
676 540 838 591 etiam
862 552 1074 608 putant,
1115 558 1253 610 quae
1281 544 1341 593 in
1373 561 1512 595 zona
1546 546 1790 615 gestatur,
1831 563 1883 599 et
1907 554 2045 602 citra

260 633 426 689 quam
475 616 535 664 in
572 610 707 662 vrbe
755 609 1027 661 sumtuosa
1070 627 1185 661 non
1235 613 1313 665 sat
1365 618 1655 668 ccimmode
1704 620 1933 671 viuitur.
1971 649 2043 679 ε-

263 704 347 751 51·
382 704 559 737 mures
587 677 884 754 Africanos
918 683 1153 734 Alciatus
1184 683 1453 738 Niloticos
1487 687 1582 739 seu
1622 691 1917 760 Aegyptios
1960 693 2044 741 in·
2090 680 2094 697 ’

257 756 584 827 telligendos
614 767 785 823 putat,
825 754 1022 821 quibus
1047 754 1259 806 Plinius
1291 774 1372 807 [ο.
1401 761 1484 818 6ς.
1523 759 1740 819 durum,
1773 774 1834 810 vt
1869 765 2042 813 erina-

237 832 399 887 ceis,
442 829 619 895 pilum
659 824 758 875 effe
796 823 958 883 dicit,
1007 839 1205 896 eosque
1243 842 1343 879 ceu
1384 822 1921 897 Alpinos‘ambulare
1962 835 2043 884 bi·

252 902 450 970 pedes;
493 897 700 967 Lipfius
728 912 860 948 vero
884 897 1159 950 Romanos
1185 911 1392 950 veteres
1421 915 1474 952 et
1498 903 1760 972 [implices
1787 903 2039 970 elephan-

252 984 369 1039 tem*
411 971 546 1039 dicit
584 967 795 1018 *vocasse
839 967 1026 1019 bouem
1076 973 1282 1022 Lucam
1322 973 1720 1040 (lucanicam);
1763 973 2038 1050 struthio·

253 1063 373 1095 nem
437 1037 699 1116 pafferem
753 1042 1051 1100 marinum;
1118 1043 1566 1109 Camelopardum
1615 1064 1766 1095 ouem
1811 1040 2038 1118 feram,-

256 1115 577 1166 Pantheras
643 1130 820 1163 mures
887 1105 1210 1183 africanos‘;
1279 1114 1458 1166 leones
1515 1111 1679 1193 visos
1734 1119 2040 1169 numidicos

247 1187 345 1237 ⁴seu
372 1187 598 1250 libycos.
632 1212 706 1221 -
746 1200 825 1242 54.
855 1187 960 1251 pro'
981 1186 1195 1235 canalis
1217 1187 1414 1236 Douza-
1442 1188 1550 1257 legi
1576 1189 1695 1239 vult
1715 1189 1940 1239 venales
1962 1216 2034 1230 -·

250 1257 389 1328 quid
427 1273 560 1306 vero
588 1254 687 1304 ess'e
715 1256 808 1303 hic
837 1254 1050 1323 possunt
1085 1255 1332 1323 ligulae?
1363 1270 1510 1308 recte
1540 1259 1738 1327 op'inor
1760 1259 2037 1311 Acidalius

249 1328 568 1380 emendauit
595 1326 822 1399 ficulas,
845 1320 1105 1396 fabulas.
1143 1330 1146 1335 ’
1179 1329 1270 1378 Sic
1316 1330 1464 1379 enim
1517 1344 1571 1381 et
1624 1331 1791 1382 Stich.
1828 1349 1873 1394 5.
1904 1349 1952 1393 4.
1985 1339 2032 1384 8.

247 1402 577 1470 iunguntur:
613 1397 857 1454 nucibus,
880 1390 1106 1468 fabulis
1143 1401 1194 1462 (a
1218 1398 1390 1465 faba),
1411 1400 1607 1475 siculis
1639 1429 1712 1441 --
1753 1409 1830 1463 58.
1866 1403 2035 1469 palas

248 1472 318 1523 ad
359 1484 558 1524 terram
603 1468 938 1526 fodiendam,
980 1487 1197 1535 mergas
1238 1468 1435 1529 furcae,
1476 1473 1589 1524 vid.
1632 1473 1774 1523 Rud.
1802 1491 1918 1534 3.4.
1953 1482 2031 1531 58.

215 1583 217 1585 ,
249 1544 475 1595 exfsono
517 1557 721 1591 vocum
761 1539 894 1588 haec
926 1537 1110 1607 fingit,
1168 1540 1336 1591 modo
1384 1541 1450 1592 ab
1490 1540 1763 1596 Hannone
1809 1547 2034 1612 prolata·

246 1633 372 1666 rum
401 1642 472 1653 -
519 1615 603 1675 65.
634 1615 716 1661 66.
730 1604 840 1684 sub
874 1613 1067 1660 cratim
1103 1614 1348 1678 (cratem)
1385 1624 1486 1664 etc.
1514 1609 1623 1691 fitb
1660 1626 1810 1664 crate
1839 1634 2031 1666 necare

242 1685 590 1756 subplicium,
628 1682 776 1751 quod
790 1680 1324 1750 Carthaginiensibus
1342 1685 1593 1737 vfitat-um
1625 1685 1778 1737 fuiffe
1811 1686 2030 1740 dicitur.

244 1759 465 1809 Tacitus
501 1756 568 1805 de
601 1770 698 1813 e0,
751 1755 811 1802 in
844 1753 1030 1804 libello
1066 1755 1133 1804 de
1175 1756 1371 1806 morib.
1409 1756 1618 1821 Germa
1676 1758 2034 1809 “Proditores

244 1843 300 1880 et
334 1828 594 1897 profugos
640 1825 921 1876 arboribus
962 1822 1328 1894 suspendunt,
1383 1828 1611 1897 ignauos
1644 1834 1708 1878 'et
1750 1831 2037 1881 inbecilles

245 1914 300 1952 et
331 1916 553 1970 corpore
591 1896 820 1948 infames
859 1912 1033 1947 coeno
1066 1913 1128 1947 ac
1154 1899 1363 1964 palude,
1403 1901 1602 1952 iniecta
1627 1899 1844 1970 insuper
1867 1915 2029 1960 crate,

241 1973 543 2041 mergunt.”
615 1970 805 2017 Livius
844 1985 886 2018 1.
921 1985 998 2029 5¹·
1040 1968 1165 2019 “ibi
1208 1983 1317 2020 tam
1357 1984 1506 2022 atrox
1540 1971 1748 2022 inuidia
1787 1985 1899 2023 orta
1940 1972 2027 2030 est,

243 2045 439 2114 gladiis
479 2044 536 2092 in
583 2040 768 2090 medio
807 2039 1009 2106 positis,
1048 2053 1124 2098 vt,
1165 2040 1372 2091 indicta
1414 2041 1584 2100 causa,
1636 2059 1783 2095 nouo
1830 2060 2029 2113 genere

238 2117 393 2174 lethi,
434 2115 680 2180 (Turnus
708 2110 1046 2176 Herdonius)
1083 2112 1326 2164 deiectus
1361 2112 1429 2163 ad
1457 2125 1617 2182 caput
1649 2131 1818 2183 aquae
1853 2114 2026 2165 feren-

239 2189 404 2246 tinae,
453 2198 596 2237 crate
640 2182 869 2254 superne
906 2183 1122 2234 iniecta
1150 2181 1394 2253 saxisque
1435 2185 1713 2256 congestis,
1764 2202 2028 2256 mergere-

239 2261 382 2310 tur.”
437 2259 558 2307 Liv.
588 2273 636 2316 4.
667 2273 744 2324 50.
783 2253 861 2302 ad'
889 2252 1344 2306 vociferationem
1388 2272 1606 2316 eorum,
1667 2274 1804 2327 quos
1842 2258 2028 2309 necari

236 2330 335 2381 [ub
380 2343 528 2379 erato
575 2327 813 2383 iuss'erat,
870 2324 1135 2378 concursu
1178 2324 1321 2378 facto
1362 2341 1463 2379 etc.
1507 2357 1579 2367 -—-
1635 2346 1717 2389 71.
1757 2330 2026 2380 aduenam

235 2404 332 2470 qui
365 2401 607 2452 inrideas
648 2400 778 2448 hero
824 2398 919 2465 qui
955 2396 1290 2465 persuadeas,‘
1324 2415 1415 2448 me
1457 2394 1658 2457 dixiffe‚
1706 2416 1844 2468 quae
1882 2402 2033 2450 mihi.

234 2475 296 2525 in
323 2483 566 2524 mensem
600 2484 713 2519 non
742 2482 1012 2519 venerunt
1046 2495 1118 2507 -—-—
1160 2487 1242 2530 73.
1276 2470 1570 2539 migdilybs
1613 2471 1816 2521 mixtus
1856 2472 2028 2537 Libys

236 2544 336 2604 est;
364 2538 855 2610 ‘Carthaginienses
890 2541 1184 2604 Tyriorum
1223 2551 1277 2591 et
1306 2540 1563 2591 Afrorum
1594 2542 1885 2593 vtebantur
1922 2544 2023 2593 lin·

234 2634 355 2685 gua,
382 2630 558 2700 *quare
579 2614 851 2681 bilingues
885 2613 1133 2670 audiunt,
1177 2611 1326 2681 quod
1355 2613 1460 2663 alio
1501 2612 1656 2664 sensu
1685 2612 1755 2662 est
1764 2606 2020 2685 fallaces

235 2688 469 2756 inprobi.
546 2685 684 2735 Alii:
728 2686 824 2752 qui
860 2700 986 2732 mox
1021 2685 1250 2751 punice,
1297 2700 1426 2732 mox
1462 2684 1630 2734 latine
1674 2686 1911 2752 loqueris
1948 2713 2021 2724 -—-

232 2755 667 2844 hifizlcilinguam
716 2768 770 2804 et
813 2749 1234 2829 proserpientem
1283 2753 1506 2824 bestiam
1556 2757 1591 2807 i.
1620 2754 1663 2806 e.
1713 2754 2017 2825 serpentem

233 2831 426 2882 itidem
480 2830 728 2878 alterutro
784 2824 939 2876 sensu
981 2838 1142 2877 vocat
1185 2851 1258 2863 —-
1322 2834 1404 2888 85.
1458 2843 1555 2895 pro
1596 2827 2019 2878 Antidamarclzi

231 2903 438 2970 Lipfius
469 2912 524 2949 et
545 2899 787 2969 plerique
826 2913 1014 2947 omnes
1047 2897 1339 2966 legendum
1380 2897 1480 2948 effe
1525 2895 1871 2949 consentiunt
1906 2904 2016 2950 An·

229 2976 492 3024 tidamae.
568 2971 748 3020 Huius
789 2986 842 3018 v.
870 2974 952 3025 87.
990 2966 1107 3034 ipse*
1145 2967 1200 3016 se
1238 2967 1414 3017 filium
1452 2982 1627 3020 vocat.
1699 2969 2015 3022 Antidamas

231 3055 415 3095 autem
449 3061 503 3094 v.
535 3059 646 3091 100.
685 3039 976 3089 Demarchi
1010 3050 1121 3088 erat
1161 3037 1301 3088 filius
1343 3039 1654 3108 adoptiuus.
1712 3041 1838 3090 Non
1874 3042 2018 3090 male

229 3117 399 3184 igitur
433 3114 753 3167 conficiunt,
793 3111 1214 3162 Antidamarchi
1252 3122 1428 3160 ortum
1457 3110 1556 3159 effe
1586 3128 1650 3159 ex
1678 3113 2013 3162 Antidamae

231 3179 541 3239 Demarchi
573 3184 642 3234 sc.
681 3181 782 3231 filii
809 3209 881 3219 --
939 3188 1035 3244 89„
1056 3200 1183 3231 nam
1216 3182 1388 3231 haheo
1412 3183 1563 3231 domi
1599 3183 1821 3232 alteram
1864 3182 2011 3239 tesse-

228 3275 360 3316 ram,
401 3258 490 3307 cui
514 3258 648 3305 haec
670 3256 830 3323 plane
858 3269 953 3320 par
981 3251 1052 3301 est
1077 3279 1150 3290 -—
1192 3269 1304 3315 109.
1323 3246 1526 3325 frater
1554 3255 1830 3319 patruelis
1863 3273 2011 3304 meus

154 3355 173 3369 κ
227 3331 319 3383 ine
359 3342 414 3379 et
439 3345 538 3398 ego
571 3326 802 3378 fratrum
843 3339 1055 3379 eramus
1094 3323 1197 3373 filii
1233 3350 1305 3361 ·-
1352 3341 1466 3391 119.
1509 3326 1747 3393 iungunt
1773 3326 2011 3394 plerum·
